
<record>
  <leader>02654cam a2200481 i 4500</leader>
  <controlfield tag="001">19007614</controlfield>
  <controlfield tag="005">20200103104812.0</controlfield>
  <controlfield tag="008">160308s2015    nyuh     b    000 0 heb c</controlfield>
  <datafield tag="906" ind1=" " ind2=" ">
    <subfield code="a">7</subfield>
    <subfield code="b">cbc</subfield>
    <subfield code="c">pccadap</subfield>
    <subfield code="d">2</subfield>
    <subfield code="e">ncip</subfield>
    <subfield code="f">20</subfield>
    <subfield code="g">y-nonroman</subfield>
  </datafield>
  <datafield tag="925" ind1="0" ind2=" ">
    <subfield code="a">acquire</subfield>
    <subfield code="b">1 shelf copy</subfield>
    <subfield code="x">policy default</subfield>
  </datafield>
  <datafield tag="955" ind1=" " ind2=" ">
    <subfield code="b">th87 2016-03-08 z-processor JACKPHY to cd00;</subfield>
    <subfield code="a">cd00 2016-03-08 to ASME/IJ;</subfield>
    <subfield code="a">cd23 2018-03-29 to cd23 for full cat.;</subfield>
    <subfield code="i">cd23 2018-04-13 telework to Hebraic shelves;</subfield>
    <subfield code="a">cd23 2020-01-03 telework Bibframe ymey</subfield>
  </datafield>
  <datafield tag="010" ind1=" " ind2=" ">
    <subfield code="a">  2016379104</subfield>
  </datafield>
  <datafield tag="035" ind1=" " ind2=" ">
    <subfield code="a">(OCoLC)ocn930622847</subfield>
  </datafield>
  <datafield tag="040" ind1=" " ind2=" ">
    <subfield code="a">STF</subfield>
    <subfield code="b">eng</subfield>
    <subfield code="c">STF</subfield>
    <subfield code="e">rda</subfield>
    <subfield code="d">OCLCF</subfield>
    <subfield code="d">DLC</subfield>
  </datafield>
  <datafield tag="042" ind1=" " ind2=" ">
    <subfield code="a">pcc</subfield>
  </datafield>
  <datafield tag="066" ind1=" " ind2=" ">
    <subfield code="c">(2</subfield>
  </datafield>
  <datafield tag="050" ind1="0" ind2="0">
    <subfield code="a">BM526</subfield>
    <subfield code="b">.N36 2015</subfield>
  </datafield>
  <datafield tag="100" ind1="1" ind2=" ">
    <subfield code="6">880-01</subfield>
    <subfield code="a">Naʼor, Betsalʼel,</subfield>
    <subfield code="e">author.</subfield>
  </datafield>
  <datafield tag="880" ind1="1" ind2=" ">
    <subfield code="6">100-01/(2/r‏</subfield>
    <subfield code="a">‏נאור, בצלאל‏.</subfield>
  </datafield>
  <datafield tag="245" ind1="1" ind2="0">
    <subfield code="6">880-02</subfield>
    <subfield code="a">Maḥol la-tsadiḳim :</subfield>
    <subfield code="b">maḥloḳet Ramḥal ṿe-Rabi Ayziḳ me-Homel be-davar takhlit ha-beriʼah /</subfield>
    <subfield code="c">Betsalʼel Naʼor = Maḥol la-tsaddikim (a dance circle for the righteous) : the controversy between Rabbi Moses Ḥayyim Luzzatto (Ramḥal) and Rabbi Eizik of Homel concerning the Divine design in creation / Bezalel Naor.</subfield>
  </datafield>
  <datafield tag="880" ind1="1" ind2="0">
    <subfield code="6">245-02/(2/r‏</subfield>
    <subfield code="a">‏מחול לצדיקים :‏</subfield>
    <subfield code="b">‏מחלוקת רמח&quot;ל ור&apos; אייזיק מהומל בדבר תכלית הבריאה /‏</subfield>
    <subfield code="c">‏בצלאל נאור = Maḥol la-tsaddikim (a dance circle for the righteous) : the controversy between Rabbi Moses Ḥayyim Luzzatto (Ramḥal) and Rabbi Eizik of Homel concerning the Divine design in creation / Bezalel Naor‪.</subfield>
  </datafield>
  <datafield tag="246" ind1="1" ind2="5">
    <subfield code="a">Maḥol la-Tsaddikim (a dance circle for the righteous)</subfield>
  </datafield>
  <datafield tag="264" ind1=" " ind2="1">
    <subfield code="6">880-03</subfield>
    <subfield code="a">Monsi :</subfield>
    <subfield code="b">Orot,</subfield>
    <subfield code="c">775 [2015]</subfield>
  </datafield>
  <datafield tag="880" ind1=" " ind2="1">
    <subfield code="6">264-03/(2/r‏</subfield>
    <subfield code="a">‏מונסי :‏</subfield>
    <subfield code="b">‏אורות,‏</subfield>
    <subfield code="c">‏תשע&quot;ה.</subfield>
  </datafield>
  <datafield tag="264" ind1=" " ind2="4">
    <subfield code="a">©2015</subfield>
  </datafield>
  <datafield tag="300" ind1=" " ind2=" ">
    <subfield code="a">256, iii pages :</subfield>
    <subfield code="b">facsimiles ;</subfield>
    <subfield code="c">23 cm</subfield>
  </datafield>
  <datafield tag="336" ind1=" " ind2=" ">
    <subfield code="a">text</subfield>
    <subfield code="b">txt</subfield>
    <subfield code="2">rdacontent</subfield>
  </datafield>
  <datafield tag="337" ind1=" " ind2=" ">
    <subfield code="a">unmediated</subfield>
    <subfield code="b">n</subfield>
    <subfield code="2">rdamedia</subfield>
  </datafield>
  <datafield tag="338" ind1=" " ind2=" ">
    <subfield code="a">volume</subfield>
    <subfield code="b">nc</subfield>
    <subfield code="2">rdacarrier</subfield>
  </datafield>
  <datafield tag="504" ind1=" " ind2=" ">
    <subfield code="a">includes bibliographical references (pages 237-256).</subfield>
  </datafield>
  <datafield tag="650" ind1=" " ind2="0">
    <subfield code="a">Cabala</subfield>
    <subfield code="x">History.</subfield>
  </datafield>
  <datafield tag="650" ind1=" " ind2="0">
    <subfield code="a">Creation.</subfield>
  </datafield>
  <datafield tag="650" ind1=" " ind2="0">
    <subfield code="a">Habad.</subfield>
  </datafield>
  <datafield tag="600" ind1="1" ind2="0">
    <subfield code="a">Luzzatto, Moshe Ḥayyim,</subfield>
    <subfield code="d">1707-1747.</subfield>
  </datafield>
  <datafield tag="600" ind1="1" ind2="0">
    <subfield code="a">Epstein, Isaac ben Mordecai,</subfield>
    <subfield code="d">-1857.</subfield>
  </datafield>
  <datafield tag="600" ind1="1" ind2="7">
    <subfield code="a">Epstein, Isaac ben Mordecai,</subfield>
    <subfield code="d">-1857.</subfield>
    <subfield code="2">fast</subfield>
    <subfield code="0">(OCoLC)fst01817483</subfield>
  </datafield>
  <datafield tag="600" ind1="1" ind2="7">
    <subfield code="a">Luzzatto, Moshe Ḥayyim,</subfield>
    <subfield code="d">1707-1747.</subfield>
    <subfield code="2">fast</subfield>
    <subfield code="0">(OCoLC)fst00040807</subfield>
  </datafield>
  <datafield tag="650" ind1=" " ind2="7">
    <subfield code="a">Cabala.</subfield>
    <subfield code="2">fast</subfield>
    <subfield code="0">(OCoLC)fst00843481</subfield>
  </datafield>
  <datafield tag="650" ind1=" " ind2="7">
    <subfield code="a">Creation</subfield>
    <subfield code="x">Biblical teaching.</subfield>
    <subfield code="2">fast</subfield>
    <subfield code="0">(OCoLC)fst00882383</subfield>
  </datafield>
  <datafield tag="650" ind1=" " ind2="7">
    <subfield code="a">Creation in rabbinical literature.</subfield>
    <subfield code="2">fast</subfield>
    <subfield code="0">(OCoLC)fst00882406</subfield>
  </datafield>
  <datafield tag="650" ind1=" " ind2="7">
    <subfield code="a">Habad</subfield>
    <subfield code="x">Philosophy.</subfield>
    <subfield code="2">fast</subfield>
    <subfield code="0">(OCoLC)fst00950015</subfield>
  </datafield>
  <datafield tag="648" ind1=" " ind2="7">
    <subfield code="a">1800 - 1899</subfield>
    <subfield code="2">fast</subfield>
  </datafield>
  <datafield tag="985" ind1=" " ind2=" ">
    <subfield code="a">BibframePilot2</subfield>
    <subfield code="e">20180504</subfield>
  </datafield>
</record>