
<record>
  <leader>06200cam a22004097i 4500</leader>
  <controlfield tag="001">19009823</controlfield>
  <controlfield tag="005">20200103150605.0</controlfield>
  <controlfield tag="008">160310s2016    nju      b    001 0 eng  </controlfield>
  <datafield tag="906" ind1=" " ind2=" ">
    <subfield code="a">7</subfield>
    <subfield code="b">cbc</subfield>
    <subfield code="c">orignew</subfield>
    <subfield code="d">1</subfield>
    <subfield code="e">ecip</subfield>
    <subfield code="f">20</subfield>
    <subfield code="g">y-gencatlg</subfield>
  </datafield>
  <datafield tag="925" ind1="0" ind2=" ">
    <subfield code="a">acquire</subfield>
    <subfield code="b">2 shelf copies</subfield>
    <subfield code="x">policy default (ex.)</subfield>
    <subfield code="e">claim1  2016-09-08</subfield>
  </datafield>
  <datafield tag="955" ind1=" " ind2=" ">
    <subfield code="b">rm13 2016-03-10</subfield>
    <subfield code="i">rm13 2016-03-10 ONIX (telework)</subfield>
    <subfield code="w">xm06 2016-03-10</subfield>
    <subfield code="a">xn11 2016-10-12 1 copy rec&apos;d., to CIP ver.</subfield>
    <subfield code="f">rm06 2016-10-20 to CALM</subfield>
    <subfield code="t">rm11 2016-11-07 copy 2 to CALM</subfield>
  </datafield>
  <datafield tag="010" ind1=" " ind2=" ">
    <subfield code="a">  2016001986</subfield>
  </datafield>
  <datafield tag="020" ind1=" " ind2=" ">
    <subfield code="a">9781119211884 (hardback)</subfield>
  </datafield>
  <datafield tag="020" ind1=" " ind2=" ">
    <subfield code="z">9781119211891 (epdf)</subfield>
  </datafield>
  <datafield tag="020" ind1=" " ind2=" ">
    <subfield code="z">9781119211907 (epub)</subfield>
  </datafield>
  <datafield tag="040" ind1=" " ind2=" ">
    <subfield code="a">DLC</subfield>
    <subfield code="b">eng</subfield>
    <subfield code="c">DLC</subfield>
    <subfield code="e">rda</subfield>
    <subfield code="d">DLC</subfield>
  </datafield>
  <datafield tag="050" ind1="0" ind2="0">
    <subfield code="a">HF5415.1265</subfield>
    <subfield code="b">.S613 2016</subfield>
  </datafield>
  <datafield tag="082" ind1="0" ind2="0">
    <subfield code="a">658.8/72</subfield>
    <subfield code="2">23</subfield>
  </datafield>
  <datafield tag="084" ind1=" " ind2=" ">
    <subfield code="a">BUS058000</subfield>
    <subfield code="a">BUS043050</subfield>
    <subfield code="a">BUS090010</subfield>
    <subfield code="2">bisacsh</subfield>
  </datafield>
  <datafield tag="100" ind1="1" ind2=" ">
    <subfield code="a">Smith, Chris,</subfield>
    <subfield code="d">1979-</subfield>
    <subfield code="e">author.</subfield>
  </datafield>
  <datafield tag="245" ind1="1" ind2="4">
    <subfield code="a">The conversion code :</subfield>
    <subfield code="b">capture internet leads, create quality appointments, close more sales /</subfield>
    <subfield code="c">Chris Smith.</subfield>
  </datafield>
  <datafield tag="264" ind1=" " ind2="1">
    <subfield code="a">Hoboken :</subfield>
    <subfield code="b">Wiley,</subfield>
    <subfield code="c">2016.</subfield>
  </datafield>
  <datafield tag="300" ind1=" " ind2=" ">
    <subfield code="a">xviii, 174 pages ;</subfield>
    <subfield code="c">24 cm</subfield>
  </datafield>
  <datafield tag="336" ind1=" " ind2=" ">
    <subfield code="a">text</subfield>
    <subfield code="b">txt</subfield>
    <subfield code="2">rdacontent</subfield>
  </datafield>
  <datafield tag="337" ind1=" " ind2=" ">
    <subfield code="a">unmediated</subfield>
    <subfield code="b">n</subfield>
    <subfield code="2">rdamedia</subfield>
  </datafield>
  <datafield tag="338" ind1=" " ind2=" ">
    <subfield code="a">volume</subfield>
    <subfield code="b">nc</subfield>
    <subfield code="2">rdacarrier</subfield>
  </datafield>
  <datafield tag="520" ind1=" " ind2=" ">
    <subfield code="a">&quot;The business world is moving away from &quot;belly to belly&quot; interactions and traditional advertising. The Conversion Code is a step-by-step blueprint for capturing Internet leads, converting them into appointments and closing prospects into sales. It will teach readers to generate thousands of leads from social media and turn those into closed sales. Much of the sales and marketing advice of yesterday does not apply today&apos;s techsavvy, mobilefirst, social media addicted consumers. Instead, companies are being forced to engage with their prospective customer&apos;s first online; using social media, mobile apps, blogs and live chat, before ever meeting in-person. No matter what product the company is selling or what industry the company is in, reading this book will increase volume and quality of Internet leads and closed sales.  &quot;--</subfield>
    <subfield code="c">Provided by publisher.</subfield>
  </datafield>
  <datafield tag="504" ind1=" " ind2=" ">
    <subfield code="a">Includes bibliographical references (pages 163-166) and index.</subfield>
  </datafield>
  <datafield tag="505" ind1="8" ind2=" ">
    <subfield code="a">Machine generated contents note:  Introduction: How The Conversion Code Was Created ix How to Crack the Conversion Code xiii PART I CAPTURE INTERNET LEADS The Marketer&apos;s Creed 2 Chapter 1 Need More Leads? How to Build Websites and Landing Pages That Consistently Capture Internet Leads 3 Content Is Not King if Your Goal Is Capturing and Converting Leads--Design, Being Purposeful, and Landing Pages Are King 3 How to Quickly and Inexpensively Turn a Website into a Lead-Generating Machine 8 Landing Pages are the New Black 11 Microwave Marketing Mentality 13 Get the Most Out of Your Website and Landing Pages by Retargeting the Visitors Who Do Not Convert 18 Chapter 2 Writing the Perfect Blog Post 21 Headline 22 Storytelling Hook 22 Fewer Characters per Line at First 23 Featured Image 23 The 1,500+ Word Sweet Spot 24 Soundbites for Social Sharing 25 Now You&apos;re Creating Content That Is Ready to Be Optimized for Lead Generation, Social Media, and Search Engines 25 Chapter 3 Optimizing Your Content for Lead Generation, Social Media, and Search Engines 27 Optimizing Your Content for Lead Generation 27 Optimizing Your Content for Social Media 31 Optimizing Your Content for Search Engines 31 Chapter 4 Advanced Facebook Marketing and Advertising Techniques That Generate &quot;Ready to Buy&quot; Leads 37 Facebook Profile Pro Tips 38 Facebook Groups 45 Facebook Pages 47 Facebook Ads 48 The Essentials of Running a Great Facebook Ad 51 The Perfect Facebook Ad Funnel 54 Four Facebook Ad Types Everyone Should Run 60 Chapter 5 Simple Strategies (Beyond Facebook) That Drive Massive Traffic and Leads to Your Website and Landing Pages 65 Email Marketing 66 Retargeting 67 Curation 69 YouTube 70 Twitter 72 Instagram 74 Guest Blogging 75 Podcasting 76 Webinars 77 PART II CREATE QUALITY APPOINTMENTS The Scheduler&apos;s Creed 84 Chapter 6 How to Use CRM, SMS, and Marketing Automation to Immediately Turn a New Lead into a Hot Appointment 85 The Fortune Is in the Follow-Up 86 Speed + Tenacity + Script = Highest Conversion Rate Possible 88 SMS &amp;gt; Email 91 Emails That Work 91 Chapter 7 Need More Appointments? How to Use Email Marketing, Retargeting, and User Tracking to Turn Old Leads into Quality Appointments 95 There Is No Longer an Old Lead Bucket 98 Ads as a Lead Follow-Up Tool 102 PART III CLOSE MORE SALES The Closer&apos;s Creed 104 Chapter 8 Need to Know Exactly What to Say to a Lead on the Phone? How to Have a Perfect First Minute on a Sales Call with an Internet Lead 105 The Two-Step Precall Lead &quot;Stalk&quot; 106 Gaining Control and ARPing Chapter 9 The Digging Deep Technique: Questions to Ask That Make It Impossible for an Internet Lead to Say No 115 The Digging Deep Technique 116 Chapter 10 How to Build Trust with an Internet Lead in Two Simple Steps 121 Chapter 11 Proactively Uncovering Objections 123 Chapter 12 How to Start Closing an Internet Lead Using the &quot;Five Yes Technique&quot; 127 The 20/20/20 Sale 127 Chapter 13 How to Pitch Using the &quot;Feature, Benefit, Tie-Down Technique&quot; and Identify Exactly When to Close 131 Always Be Closing 133 Chapter 14 Exactly What to Say When You Start to Close 135 Chapter 15 The Two-Step Close 137 Step 1: The Trial Close 137 Step 2: The Slot Close 138 Chapter 16 What to Say When Someone Still Says No 141 Buying Questions versus Objections 141 ARCing 141 Chapter 17 They Said Yes! Now What Do You Say? 147 Chapter 18 How to Turn a Closed Internet Lead into Even More Sales 149 Bonus: Checking the Analytics and Metrics That Actually Matter (and what to do based on what you find) 153 Notes 163 Index 167.</subfield>
  </datafield>
  <datafield tag="650" ind1=" " ind2="0">
    <subfield code="a">Viral marketing.</subfield>
  </datafield>
  <datafield tag="650" ind1=" " ind2="0">
    <subfield code="a">Telemarketing.</subfield>
  </datafield>
  <datafield tag="650" ind1=" " ind2="0">
    <subfield code="a">Selling.</subfield>
  </datafield>
  <datafield tag="650" ind1=" " ind2="7">
    <subfield code="a">BUSINESS &amp; ECONOMICS / Sales &amp; Selling.</subfield>
    <subfield code="2">bisacsh</subfield>
  </datafield>
  <datafield tag="650" ind1=" " ind2="7">
    <subfield code="a">BUSINESS &amp; ECONOMICS / Marketing / Telemarketing.</subfield>
    <subfield code="2">bisacsh</subfield>
  </datafield>
  <datafield tag="650" ind1=" " ind2="7">
    <subfield code="a">BUSINESS &amp; ECONOMICS / E-Commerce / Internet Marketing.</subfield>
    <subfield code="2">bisacsh</subfield>
  </datafield>
  <datafield tag="776" ind1="0" ind2="8">
    <subfield code="i">Online version:</subfield>
    <subfield code="a">Smith, Chris, 1979- author.</subfield>
    <subfield code="t">Conversion code</subfield>
    <subfield code="d">Hoboken : Wiley, 2016</subfield>
    <subfield code="z">9781119211891</subfield>
    <subfield code="w">(DLC) 2016012030</subfield>
  </datafield>
  <datafield tag="963" ind1=" " ind2=" ">
    <subfield code="a">Wanda Henderson; phone: 201-748-6071; email: whenders@wiley.com; bc: ccopy@wiley.com</subfield>
  </datafield>
</record>