
<record>
  <leader>05555cam a22003737i 4500</leader>
  <controlfield tag="001">19010845</controlfield>
  <controlfield tag="005">20200103150606.0</controlfield>
  <controlfield tag="008">160310s2016    nju      b    001 0 eng  </controlfield>
  <datafield tag="906" ind1=" " ind2=" ">
    <subfield code="a">7</subfield>
    <subfield code="b">cbc</subfield>
    <subfield code="c">orignew</subfield>
    <subfield code="d">1</subfield>
    <subfield code="e">ecip</subfield>
    <subfield code="f">20</subfield>
    <subfield code="g">y-gencatlg</subfield>
  </datafield>
  <datafield tag="925" ind1="0" ind2=" ">
    <subfield code="a">acquire</subfield>
    <subfield code="b">2 shelf copies</subfield>
    <subfield code="x">policy default (ex.)</subfield>
    <subfield code="e">claim1  2016-09-08</subfield>
  </datafield>
  <datafield tag="955" ind1=" " ind2=" ">
    <subfield code="b">rm13 2016-03-10</subfield>
    <subfield code="i">rm13 2016-03-10 ONIX (telework)</subfield>
    <subfield code="w">xm06 2016-03-11</subfield>
    <subfield code="a">xn11 2016-10-12 1 copy rec&apos;d., to CIP ver.</subfield>
    <subfield code="f">rm06 2016-10-20 to CALM</subfield>
    <subfield code="t">rm16 2017-01-25 to CALM</subfield>
  </datafield>
  <datafield tag="010" ind1=" " ind2=" ">
    <subfield code="a">  2016004213</subfield>
  </datafield>
  <datafield tag="020" ind1=" " ind2=" ">
    <subfield code="a">9781119240860 (hardback)</subfield>
  </datafield>
  <datafield tag="020" ind1=" " ind2=" ">
    <subfield code="z">9781119240884 (epub)</subfield>
  </datafield>
  <datafield tag="020" ind1=" " ind2=" ">
    <subfield code="z">9781119240877 (ebk)</subfield>
  </datafield>
  <datafield tag="040" ind1=" " ind2=" ">
    <subfield code="a">DLC</subfield>
    <subfield code="b">eng</subfield>
    <subfield code="c">DLC</subfield>
    <subfield code="e">rda</subfield>
    <subfield code="d">DLC</subfield>
  </datafield>
  <datafield tag="050" ind1="0" ind2="0">
    <subfield code="a">HF5415.153</subfield>
    <subfield code="b">.R356 2016</subfield>
  </datafield>
  <datafield tag="082" ind1="0" ind2="0">
    <subfield code="a">658.5/752</subfield>
    <subfield code="2">23</subfield>
  </datafield>
  <datafield tag="084" ind1=" " ind2=" ">
    <subfield code="a">BUS043000</subfield>
    <subfield code="2">bisacsh</subfield>
  </datafield>
  <datafield tag="100" ind1="1" ind2=" ">
    <subfield code="a">Ramanujam, Madhavan,</subfield>
    <subfield code="e">author.</subfield>
  </datafield>
  <datafield tag="245" ind1="1" ind2="0">
    <subfield code="a">Monetizing innovation :</subfield>
    <subfield code="b">how smart companies design the product around the price /</subfield>
    <subfield code="c">Madhavan Ramanujam, and Georg Tacke.</subfield>
  </datafield>
  <datafield tag="264" ind1=" " ind2="1">
    <subfield code="a">Hoboken :</subfield>
    <subfield code="b">Wiley,</subfield>
    <subfield code="c">[2016]</subfield>
  </datafield>
  <datafield tag="300" ind1=" " ind2=" ">
    <subfield code="a">xiv, 241 pages ;</subfield>
    <subfield code="c">24 cm</subfield>
  </datafield>
  <datafield tag="336" ind1=" " ind2=" ">
    <subfield code="a">text</subfield>
    <subfield code="b">txt</subfield>
    <subfield code="2">rdacontent</subfield>
  </datafield>
  <datafield tag="337" ind1=" " ind2=" ">
    <subfield code="a">unmediated</subfield>
    <subfield code="b">n</subfield>
    <subfield code="2">rdamedia</subfield>
  </datafield>
  <datafield tag="338" ind1=" " ind2=" ">
    <subfield code="a">volume</subfield>
    <subfield code="b">nc</subfield>
    <subfield code="2">rdacarrier</subfield>
  </datafield>
  <datafield tag="504" ind1=" " ind2=" ">
    <subfield code="a">Includes bibliographical references (pages 219-225) and index.</subfield>
  </datafield>
  <datafield tag="520" ind1=" " ind2=" ">
    <subfield code="a">&quot;Surprising rules for successful monetization  Innovation is the most important driver of growth. Today, more than ever, companies need to innovate to survive. But successful innovation&amp;mdash;measured in dollars and cents&amp;mdash;is a very hard target to hit.&amp;nbsp;  Companies obsess over being creative and innovative and spend significant time and expense in designing and building products, yet struggle to monetize them: 72% of innovations fail to meet their financial targets&amp;mdash;or fail entirely. Many companies have come to accept that a high failure rate, and the billions of dollars lost annually, is just the cost of doing business.  Monetizing Innovations argues that this is tragic, wasteful, and wrong.  Radically improving the odds that your innovation will succeed is just a matter of removing the guesswork. That happens when you put customer demand and willingness to pay in the driver seat&amp;mdash;when you design the product around the price. It&amp;rsquo;s a new paradigm, and that opens the door to true game change: You can stop hoping to monetize, and start knowing that you will.  The authors at Simon Kucher know what they&amp;rsquo;re talking about. As the world&amp;rsquo;s premier pricing and monetization consulting services company, with 800 professionals in 30 cities around the globe, they have helped clients ranging from massive pharmaceuticals to fast-growing startups find success. In Monetizing Innovation, they distil the lessons of thirty years and over 10,000 projects into a practical, nine-step approach. Whether you are a CEO, executive leadership, or part of the team responsible for innovation and new product development, this book is for you, with special sections and checklist-driven summaries to make monetizing innovation part of your company&amp;rsquo;s DNA. Illustrative case studies show how some of the world&amp;rsquo;s best innovative companies like LinkedIn, Uber, Porsche, Optimizely, Draeger, Swarovski and big pharmaceutical companies have used principles outlined in this book.  A direct challenge to the status quo &amp;ldquo;spray and pray&amp;rdquo; style of innovation, Monetizing Innovation presents a practical approach that can be adopted by any organization, in any industry. Most monetizing innovation failure point home. Now more than ever, companies must rethink the practices that have lost countless billions of dollars. Monetizing Innovation presents a new way forward, and a clear promise: Go from hope to certainty&quot;--</subfield>
    <subfield code="c">Provided by publisher.</subfield>
  </datafield>
  <datafield tag="520" ind1=" " ind2=" ">
    <subfield code="a">&quot;The book explains how most companies get sidetracked by Product-Driven Thinking and how to innovate by starting with the price customers will pay, and creating the product for that price. It will present a process that Simon-Kucher &amp; Partners has used to help dozens of others avoid innovation failure by making pricing and marketing their guiding light throughout the product development process&quot;--</subfield>
    <subfield code="c">Provided by publisher.</subfield>
  </datafield>
  <datafield tag="505" ind1="8" ind2=" ">
    <subfield code="a">Machine generated contents note:  Chapter 1: How Innovators Leave Billions on the Table: A Tale of Two Cars Chapter 2: Feature Shocks, Minivations, Hidden Gems and Undeads: The Four Flavors of Monetizing Innovation Failure Chapter 3: Why Good People Get It Wrong Chapter 4: Have the &quot;Willingness to Pay Talk&quot; Early: You Can&apos;t Prioritize Without It Chapter 5: Don&apos;t Default to a One-Price-Fits-All Solution: Like it or Not, Your Customers are Different Chapter 6: In Designing Products, Don&apos;t Regard Packaging and Bundling as Afterthoughts Chapter 7: Go Beyond the Flat Price: 5 Powerful Monetization Models Chapter 8: Price Low for Market Share or High for Premium Branding? Pick the Winning Pricing Strategy Chapter 9: From Hoping to Knowing: Build an Outside-In Business Case Chapter 10: The Innovation Won&apos;t Speak for Itself: You Must Communicate the Value Chapter 11: Use Behavioral Pricing Tactics to Persuade and Sell: Sometimes Your Customers Will Behave Irrationally Chapter 12: Maintain Your Price Integrity: Avoid Knee-Jerk Re-Pricing Chapter 13: Learning from the Best: Successful Innovations Designed Around the Price Chapter 14: Implementing the &quot;Designing the Product Around the Price&quot; Innovation Process Index.</subfield>
  </datafield>
  <datafield tag="650" ind1=" " ind2="0">
    <subfield code="a">New products</subfield>
    <subfield code="x">Marketing.</subfield>
  </datafield>
  <datafield tag="650" ind1=" " ind2="0">
    <subfield code="a">Pricing.</subfield>
  </datafield>
  <datafield tag="650" ind1=" " ind2="7">
    <subfield code="a">BUSINESS &amp; ECONOMICS / Marketing / General.</subfield>
    <subfield code="2">bisacsh</subfield>
  </datafield>
  <datafield tag="700" ind1="1" ind2=" ">
    <subfield code="a">Tacke, Georg,</subfield>
    <subfield code="e">author.</subfield>
  </datafield>
</record>