
<record>
  <leader>04333cam a22003497i 4500</leader>
  <controlfield tag="001">19011395</controlfield>
  <controlfield tag="005">20200103150606.0</controlfield>
  <controlfield tag="008">160311s2016    pau      b    001 0 eng  </controlfield>
  <datafield tag="906" ind1=" " ind2=" ">
    <subfield code="a">7</subfield>
    <subfield code="b">cbc</subfield>
    <subfield code="c">orignew</subfield>
    <subfield code="d">1</subfield>
    <subfield code="e">ecip</subfield>
    <subfield code="f">20</subfield>
    <subfield code="g">y-gencatlg</subfield>
  </datafield>
  <datafield tag="925" ind1="0" ind2=" ">
    <subfield code="a">acquire</subfield>
    <subfield code="b">1 shelf copy</subfield>
    <subfield code="x">policy default</subfield>
  </datafield>
  <datafield tag="955" ind1=" " ind2=" ">
    <subfield code="b">rm13 2016-03-11</subfield>
    <subfield code="i">rm13 2016-03-11 (telework)</subfield>
    <subfield code="w">xm06 2016-03-11</subfield>
    <subfield code="a">xn12 2016-06-06 1 copy rec&apos;d., to CIP ver.</subfield>
    <subfield code="f">rm06 2016-06-15 to CALM</subfield>
  </datafield>
  <datafield tag="010" ind1=" " ind2=" ">
    <subfield code="a">  2015051447</subfield>
  </datafield>
  <datafield tag="020" ind1=" " ind2=" ">
    <subfield code="a">9781522501107 (hardcover)</subfield>
  </datafield>
  <datafield tag="020" ind1=" " ind2=" ">
    <subfield code="z">9781522501114 (ebook)</subfield>
  </datafield>
  <datafield tag="040" ind1=" " ind2=" ">
    <subfield code="a">DLC</subfield>
    <subfield code="b">eng</subfield>
    <subfield code="c">DLC</subfield>
    <subfield code="e">rda</subfield>
    <subfield code="d">DLC</subfield>
  </datafield>
  <datafield tag="050" ind1="0" ind2="0">
    <subfield code="a">HD9940.A2</subfield>
    <subfield code="b">.H365 2016</subfield>
  </datafield>
  <datafield tag="082" ind1="0" ind2="0">
    <subfield code="a">746.9/2068</subfield>
    <subfield code="2">23</subfield>
  </datafield>
  <datafield tag="245" ind1="0" ind2="0">
    <subfield code="a">Handbook of research on global fashion management and merchandising /</subfield>
    <subfield code="c">Alessandra Vecchi, London College of Fashion, U.K., Chitra Buckley, London College of Fashion, U.K.</subfield>
  </datafield>
  <datafield tag="264" ind1=" " ind2="1">
    <subfield code="a">Hershey :</subfield>
    <subfield code="b">Business Science Reference, An Imprint of IGI Global,</subfield>
    <subfield code="c">[2016]</subfield>
  </datafield>
  <datafield tag="300" ind1=" " ind2=" ">
    <subfield code="a">xxxv, 862 pages ;</subfield>
    <subfield code="c">29 cm.</subfield>
  </datafield>
  <datafield tag="336" ind1=" " ind2=" ">
    <subfield code="a">text</subfield>
    <subfield code="2">rdacontent</subfield>
  </datafield>
  <datafield tag="337" ind1=" " ind2=" ">
    <subfield code="a">unmediated</subfield>
    <subfield code="2">rdamedia</subfield>
  </datafield>
  <datafield tag="338" ind1=" " ind2=" ">
    <subfield code="a">volume</subfield>
    <subfield code="2">rdacarrier</subfield>
  </datafield>
  <datafield tag="490" ind1="0" ind2=" ">
    <subfield code="a">A volume in the Advances in Logistics, Operations, and Management Science (ALOMS) Book Series</subfield>
  </datafield>
  <datafield tag="504" ind1=" " ind2=" ">
    <subfield code="a">Includes bibliographical references (pages 738-846) and index.</subfield>
  </datafield>
  <datafield tag="505" ind1="0" ind2=" ">
    <subfield code="a">Preface -- Introduction -- Creativity and innovation -- Visionary leadership : learning from exemplary organizations -- Organizational leadership and resources in driving creativity and innovation -- The blending of luxury fashion brands and contemporary art a global strategy for value creation -- Strategic fashion management -- Strategic fashion management : influential factors in strategy implementation -- Entrepreneurial or not? : asymmetrical business models in UK fashion micro-enterprises -- Trade policy and its implications for sourcing fashion goods -- The luxury market in the fashion industry : a conceptual segmentation -- Fast fashion business model : an overview -- The implementation of fashion technology -- Fashion blog&apos;s engagement in the customer decision making process -- Fashion-technology &amp; change in product development and consumption for the high-end menswear sector : a study utilizing a 3d-4C&apos;s process model -- How to use sizing technology and fashion metadata to improve the user experience for online fashion retail -- Augmented reality as a tool to enhance the experiential value of online shopping : the future of fashion retailing -- Techcouturism, an alternative showcase for new fashion designers -- Fusion of artisan and virtual : fashion&apos;s new world opportunities -- Fashion retail and its more recent dynamics -- Store openings and sourcing strategies in the internationalization of fashion industrial retailers -- Omnichannel fashion retail and channel integration the case of department stores : the case of department stores -- Multi-sensory fashion retail experiences : the impact of sound, smell, sight and touch on consumer based brand equity -- Brand experiences, retail scenarios, and brand images in the fashion industry -- CSR &amp; sustainability -- Slow fashion and sustainability : the luxury impact -- The myth of sustainability in fashion supply chains -- CRM in fashion retai l: building store loyalty through store trust -- The challenge of sustainability within the Italian fashion system -- Fashion brand management : fashioning value through CSR -- International evidence -- The impact of e-commerce on the clothing retailers : studies on Chinese companies -- The role of cross-country differences in international fashion retailing : e-commerce development in Spain and the UK -- Fashion and social media : some illustrative evidence from Italian luxury brands -- The Russian luxury fashion goods market : development and perspectives -- Supplying what? : an analysis of the fashion apparel production in Brazil -- Benetton&apos;s response to the increasing global competition.</subfield>
  </datafield>
  <datafield tag="520" ind1=" " ind2=" ">
    <subfield code="a">&quot;This book explores the various facets of effective management procedures within the fashion industry, featuring research on entrepreneurship, operations management, marketing, business modeling, and fashion technology&quot;--</subfield>
    <subfield code="c">Provided by publisher.</subfield>
  </datafield>
  <datafield tag="650" ind1=" " ind2="0">
    <subfield code="a">Fashion merchandising.</subfield>
  </datafield>
  <datafield tag="650" ind1=" " ind2="0">
    <subfield code="a">Business logistics.</subfield>
  </datafield>
  <datafield tag="650" ind1=" " ind2="0">
    <subfield code="a">Branding (Marketing)</subfield>
  </datafield>
  <datafield tag="700" ind1="1" ind2=" ">
    <subfield code="a">Vecchi, Alessandra,</subfield>
    <subfield code="e">editor.</subfield>
  </datafield>
  <datafield tag="700" ind1="1" ind2=" ">
    <subfield code="a">Buckley, Chitra,</subfield>
    <subfield code="d">1959-</subfield>
    <subfield code="e">editor.</subfield>
  </datafield>
</record>