
<record>
  <leader>03464cam a22004097i 4500</leader>
  <controlfield tag="001">19013090</controlfield>
  <controlfield tag="005">20200103121031.0</controlfield>
  <controlfield tag="008">160222s2015    ve ab    b    000 0bspa c</controlfield>
  <datafield tag="906" ind1=" " ind2=" ">
    <subfield code="a">7</subfield>
    <subfield code="b">cbc</subfield>
    <subfield code="c">pccadap</subfield>
    <subfield code="d">2</subfield>
    <subfield code="e">ncip</subfield>
    <subfield code="f">20</subfield>
    <subfield code="g">y-gencatlg</subfield>
  </datafield>
  <datafield tag="925" ind1="0" ind2=" ">
    <subfield code="a">acquire</subfield>
    <subfield code="b">1 shelf copy</subfield>
    <subfield code="x">policy default</subfield>
  </datafield>
  <datafield tag="955" ind1=" " ind2=" ">
    <subfield code="b">bg22 2016-06-16 to ALAWE/SA</subfield>
    <subfield code="b">bc12 2017-05-31 z-processor (telework) (overtime)</subfield>
    <subfield code="i">bc12 2017-05-31 (telework) (overtime)</subfield>
    <subfield code="e">bc12 2017-06-22 to BCCD (ABAchecked &amp; Labeled)</subfield>
  </datafield>
  <datafield tag="010" ind1=" " ind2=" ">
    <subfield code="a">  2016392631</subfield>
  </datafield>
  <datafield tag="020" ind1=" " ind2=" ">
    <subfield code="a">9789808020717</subfield>
  </datafield>
  <datafield tag="020" ind1=" " ind2=" ">
    <subfield code="a">9808020712</subfield>
  </datafield>
  <datafield tag="020" ind1=" " ind2=" ">
    <subfield code="z">80207</subfield>
  </datafield>
  <datafield tag="035" ind1=" " ind2=" ">
    <subfield code="a">(OCoLC)ocn951804048</subfield>
  </datafield>
  <datafield tag="040" ind1=" " ind2=" ">
    <subfield code="a">FUG</subfield>
    <subfield code="b">eng</subfield>
    <subfield code="c">FUG</subfield>
    <subfield code="e">rda</subfield>
    <subfield code="d">OCLCA</subfield>
    <subfield code="d">IXA</subfield>
    <subfield code="d">PIT</subfield>
    <subfield code="d">DLC</subfield>
  </datafield>
  <datafield tag="043" ind1=" " ind2=" ">
    <subfield code="a">s------</subfield>
    <subfield code="a">s-ve---</subfield>
  </datafield>
  <datafield tag="050" ind1="0" ind2="0">
    <subfield code="a">F2235.B765</subfield>
    <subfield code="b">N86 2015</subfield>
  </datafield>
  <datafield tag="100" ind1="1" ind2=" ">
    <subfield code="a">Núñez de Stein, Carmen Elena,</subfield>
    <subfield code="e">author.</subfield>
  </datafield>
  <datafield tag="245" ind1="1" ind2="0">
    <subfield code="a">Semblanza de Aimé Bonpland /</subfield>
    <subfield code="c">Carmen Elena Núñez de Stein.</subfield>
  </datafield>
  <datafield tag="264" ind1=" " ind2="1">
    <subfield code="a">[Caracas, Venezuela] :</subfield>
    <subfield code="b">Ambassade de France au Venezuela,</subfield>
    <subfield code="c">2015.</subfield>
  </datafield>
  <datafield tag="264" ind1=" " ind2="3">
    <subfield code="a">Caracas, Venezuela :</subfield>
    <subfield code="b">Editorial Arte,</subfield>
    <subfield code="c">2015.</subfield>
  </datafield>
  <datafield tag="300" ind1=" " ind2=" ">
    <subfield code="a">134 pages :</subfield>
    <subfield code="b">illustrations, map ;</subfield>
    <subfield code="c">29 cm</subfield>
  </datafield>
  <datafield tag="336" ind1=" " ind2=" ">
    <subfield code="a">text</subfield>
    <subfield code="b">txt</subfield>
    <subfield code="2">rdacontent</subfield>
  </datafield>
  <datafield tag="337" ind1=" " ind2=" ">
    <subfield code="a">unmediated</subfield>
    <subfield code="b">n</subfield>
    <subfield code="2">rdamedia</subfield>
  </datafield>
  <datafield tag="338" ind1=" " ind2=" ">
    <subfield code="a">volume</subfield>
    <subfield code="b">nc</subfield>
    <subfield code="2">rdacarrier</subfield>
  </datafield>
  <datafield tag="504" ind1=" " ind2=" ">
    <subfield code="a">Includes bibliographical references (pages 133-134).</subfield>
  </datafield>
  <datafield tag="505" ind1="0" ind2=" ">
    <subfield code="a">Proezas y penurias de exploradores y naturalists en las expediciones del siglo XVIII -- Tras las huellas de La Condamine -- Segunda expedición española,  llamada de Ruiz y Pavón. Joseph Dombey, un científico de novela -- Mi nombre es Aimé Bonpland -- En torno al Jardin des Plantes y algo más -- La Odisea Americana, Caracas, Añoranza -- URIJI JAMI, Amalivaca, la creación,   La Expedición Chaffanjon -- Regreso a Cumaná -- Cartagena. Llegada a Santa Fe de Bogotá, Encuentro con Mutis, Ascenso a las a las cumbres andinas -- Ultimas escalas del Viaje a las regiones equinocciales -- Napoleón, Josefina y Bonpland -- Bonpland Ilega a las Provincias Unidas de La Plata -- El Paraguay. Nacimiento y formación de un Estado -- Años de cautiverio. Carai arandu para Ios naturales. Creación de una chacra, un huerto y una herrería -- Intentos y estrategias de salvarnento -- Liberación de Bonpland. Volver a empezar. Cuando ser amado es la mayor riqueza -- Nuevos cultivos. Vida afectiva. Una visita inesperada, Muerte de Bonpland -- Otros datos de Aimé Bonpland. Obras. Su nombre en el ámbito universal.</subfield>
  </datafield>
  <datafield tag="520" ind1=" " ind2=" ">
    <subfield code="a">Naturalista francés. Miembro de la expedición científica que acompañó a Humboldt a América del Sur, recogió en varios volúmenes los resultados de dicho viaje. Destaca su obra Viaje a las regiones equinocciales del nuevo continente (1813 y 1815). Esta obra aporta valiosas informaciones inéditas y una completa visión de la personalidad y de la obra de Bonpland, quien fue explorador de las ciencias naturales del pasado remoto.</subfield>
  </datafield>
  <datafield tag="588" ind1=" " ind2=" ">
    <subfield code="a">This bibliographic record is available under the Creative Commons CC0 &quot;No Rights Reserved&quot; license. The University of Florida Libraries, as creator of this bibliographic record, has waived all rights to it worldwide under copyright law, including all related and neighboring rights, to the extent allowed by law.</subfield>
  </datafield>
  <datafield tag="600" ind1="1" ind2="0">
    <subfield code="a">Bonpland, Aimé,</subfield>
    <subfield code="d">1773-1858</subfield>
    <subfield code="x">Travel</subfield>
    <subfield code="z">South America.</subfield>
  </datafield>
  <datafield tag="650" ind1=" " ind2="0">
    <subfield code="a">Botanists</subfield>
    <subfield code="z">South America</subfield>
    <subfield code="v">Biography.</subfield>
  </datafield>
  <datafield tag="651" ind1=" " ind2="0">
    <subfield code="a">South America</subfield>
    <subfield code="x">History</subfield>
    <subfield code="y">19th century.</subfield>
  </datafield>
  <datafield tag="650" ind1=" " ind2="0">
    <subfield code="a">Scientific expeditions</subfield>
    <subfield code="z">Venezuela.</subfield>
  </datafield>
  <datafield tag="923" ind1=" " ind2=" ">
    <subfield code="d">20160224</subfield>
    <subfield code="n">14274V2016</subfield>
    <subfield code="s">BO-CbLA</subfield>
  </datafield>
  <datafield tag="985" ind1=" " ind2=" ">
    <subfield code="e">VENDOR LOAD</subfield>
  </datafield>
</record>