
<record>
  <leader>01959cam a22003137i 4500</leader>
  <controlfield tag="001">19015666</controlfield>
  <controlfield tag="005">20200103150609.0</controlfield>
  <controlfield tag="008">160315s2016    orua     c    001 0deng  </controlfield>
  <datafield tag="906" ind1=" " ind2=" ">
    <subfield code="a">7</subfield>
    <subfield code="b">cbc</subfield>
    <subfield code="c">orignew</subfield>
    <subfield code="d">1</subfield>
    <subfield code="e">ecip</subfield>
    <subfield code="f">20</subfield>
    <subfield code="g">y-gencatlg</subfield>
  </datafield>
  <datafield tag="925" ind1="0" ind2=" ">
    <subfield code="a">acquire</subfield>
    <subfield code="b">1 shelf copy</subfield>
    <subfield code="x">policy default</subfield>
  </datafield>
  <datafield tag="955" ind1=" " ind2=" ">
    <subfield code="b">rk11 2016-03-15</subfield>
    <subfield code="i">rk11 2016-03-15 to Dewey</subfield>
    <subfield code="w">xm09 2016-03-15</subfield>
    <subfield code="a">xn11 2016-11-08 1 copy rec&apos;d., to CIP ver.</subfield>
    <subfield code="f">rk21 2017-01-10 to CALM</subfield>
  </datafield>
  <datafield tag="010" ind1=" " ind2=" ">
    <subfield code="a">  2016010417</subfield>
  </datafield>
  <datafield tag="020" ind1=" " ind2=" ">
    <subfield code="a">9780764976254 (hardcover : alk. paper)</subfield>
  </datafield>
  <datafield tag="040" ind1=" " ind2=" ">
    <subfield code="a">DLC</subfield>
    <subfield code="b">eng</subfield>
    <subfield code="e">rda</subfield>
    <subfield code="c">DLC</subfield>
    <subfield code="d">DLC</subfield>
  </datafield>
  <datafield tag="050" ind1="0" ind2="0">
    <subfield code="a">NE539.B435</subfield>
    <subfield code="b">A4 2016</subfield>
  </datafield>
  <datafield tag="082" ind1="0" ind2="0">
    <subfield code="a">704.9/4328</subfield>
    <subfield code="2">23</subfield>
  </datafield>
  <datafield tag="245" ind1="0" ind2="0">
    <subfield code="a">Birds &amp; beyond :</subfield>
    <subfield code="b">the prints of Maurice R. Bebb /</subfield>
    <subfield code="c">edited by Cori Sherman North ; contributions by Jim Harbison, John R. Mallery and Cori Sherman North.</subfield>
  </datafield>
  <datafield tag="246" ind1="3" ind2=" ">
    <subfield code="a">Birds and beyond :</subfield>
    <subfield code="b">the prints of Maurice R. Bebb</subfield>
  </datafield>
  <datafield tag="264" ind1=" " ind2="1">
    <subfield code="a">Portland, Oregon :</subfield>
    <subfield code="b">Pomegranate,</subfield>
    <subfield code="c">[2016]</subfield>
  </datafield>
  <datafield tag="300" ind1=" " ind2=" ">
    <subfield code="a">260 pages :</subfield>
    <subfield code="b">illustrations (some color) ;</subfield>
    <subfield code="c">24 x 31 cm</subfield>
  </datafield>
  <datafield tag="336" ind1=" " ind2=" ">
    <subfield code="a">text</subfield>
    <subfield code="2">rdacontent</subfield>
  </datafield>
  <datafield tag="337" ind1=" " ind2=" ">
    <subfield code="a">unmediated</subfield>
    <subfield code="2">rdamedia</subfield>
  </datafield>
  <datafield tag="338" ind1=" " ind2=" ">
    <subfield code="a">volume</subfield>
    <subfield code="2">rdacarrier</subfield>
  </datafield>
  <datafield tag="500" ind1=" " ind2=" ">
    <subfield code="a">Includes index.</subfield>
  </datafield>
  <datafield tag="520" ind1=" " ind2=" ">
    <subfield code="a">&quot;Describes the life and work of American-born artist Maurice Robert Bebb (1891-1986), who participated in most of the important print societies of his day, including the Chicago Society of Etchers, the Print Makers of California, the Society of American Etchers, and the Prairie Print Makers. Includes full-color reproductions of his work&quot;--</subfield>
    <subfield code="c">Provided by publisher.</subfield>
  </datafield>
  <datafield tag="505" ind1="0" ind2=" ">
    <subfield code="a">Collecting Maurice Bebb Prints / John R. Mallery -- Setting the Stage : Printmaking in America before 1950 / Cori Sherman North -- Florist, Artist &amp; Family Man : The World of Maurice R. Bebb / John R. Mallery -- The Bebb Technique of Color Etching / Jim Harbison -- Maurice R. Bebb Chronology -- Catalogue of the Prints / John R. Mallery.</subfield>
  </datafield>
  <datafield tag="600" ind1="1" ind2="0">
    <subfield code="a">Bebb, Maurice R.,</subfield>
    <subfield code="d">1891-1986</subfield>
    <subfield code="v">Exhibitions.</subfield>
  </datafield>
  <datafield tag="650" ind1=" " ind2="0">
    <subfield code="a">Birds in art</subfield>
    <subfield code="v">Exhibitions.</subfield>
  </datafield>
  <datafield tag="700" ind1="1" ind2=" ">
    <subfield code="a">North, Cori Sherman,</subfield>
    <subfield code="e">editor.</subfield>
  </datafield>
</record>