
<record>
  <leader>02538cam a22003617i 4500</leader>
  <controlfield tag="001">19020066</controlfield>
  <controlfield tag="005">20200103150609.0</controlfield>
  <controlfield tag="008">160318s2016    cau           000 0 eng  </controlfield>
  <datafield tag="906" ind1=" " ind2=" ">
    <subfield code="a">7</subfield>
    <subfield code="b">cbc</subfield>
    <subfield code="c">orignew</subfield>
    <subfield code="d">1</subfield>
    <subfield code="e">ecip</subfield>
    <subfield code="f">20</subfield>
    <subfield code="g">y-gencatlg</subfield>
  </datafield>
  <datafield tag="925" ind1="0" ind2=" ">
    <subfield code="a">acquire</subfield>
    <subfield code="b">1 shelf copy</subfield>
    <subfield code="x">policy default</subfield>
  </datafield>
  <datafield tag="955" ind1=" " ind2=" ">
    <subfield code="b">rm15 2016-03-18</subfield>
    <subfield code="c">rm15 2016-03-18 ONIX</subfield>
    <subfield code="i">rm15 2016-03-18 (telework)</subfield>
    <subfield code="a">rm15 2016-03-18 to Dewey</subfield>
    <subfield code="w">xm09 2016-03-18</subfield>
    <subfield code="a">xn11 2016-07-23 1 copy rec&apos;d., to CIP ver.</subfield>
    <subfield code="f">rm05 2016-08-02 to Dewey</subfield>
  </datafield>
  <datafield tag="010" ind1=" " ind2=" ">
    <subfield code="a">  2016006216</subfield>
  </datafield>
  <datafield tag="020" ind1=" " ind2=" ">
    <subfield code="a">9781608683383 (hardback)</subfield>
  </datafield>
  <datafield tag="040" ind1=" " ind2=" ">
    <subfield code="a">DLC</subfield>
    <subfield code="b">eng</subfield>
    <subfield code="c">DLC</subfield>
    <subfield code="e">rda</subfield>
    <subfield code="d">DLC</subfield>
  </datafield>
  <datafield tag="050" ind1="0" ind2="0">
    <subfield code="a">HM1106</subfield>
    <subfield code="b">.K6175 2016</subfield>
  </datafield>
  <datafield tag="082" ind1="0" ind2="0">
    <subfield code="a">303.3/4</subfield>
    <subfield code="2">23</subfield>
  </datafield>
  <datafield tag="084" ind1=" " ind2=" ">
    <subfield code="a">BUS071000</subfield>
    <subfield code="a">NAT016000</subfield>
    <subfield code="a">SEL031000</subfield>
    <subfield code="a">SOC002010</subfield>
    <subfield code="2">bisacsh</subfield>
  </datafield>
  <datafield tag="100" ind1="1" ind2=" ">
    <subfield code="a">Kohanov, Linda,</subfield>
    <subfield code="e">author.</subfield>
  </datafield>
  <datafield tag="245" ind1="1" ind2="4">
    <subfield code="a">The five roles of a master herder :</subfield>
    <subfield code="b">a revolutionary model for socially intelligent leadership /</subfield>
    <subfield code="c">Linda Kohanov.</subfield>
  </datafield>
  <datafield tag="264" ind1=" " ind2="1">
    <subfield code="a">Novato, California :</subfield>
    <subfield code="b">New World Library,</subfield>
    <subfield code="c">2016.</subfield>
  </datafield>
  <datafield tag="300" ind1=" " ind2=" ">
    <subfield code="a">240 pages ;</subfield>
    <subfield code="c">24 cm</subfield>
  </datafield>
  <datafield tag="336" ind1=" " ind2=" ">
    <subfield code="a">text</subfield>
    <subfield code="b">txt</subfield>
    <subfield code="2">rdacontent</subfield>
  </datafield>
  <datafield tag="337" ind1=" " ind2=" ">
    <subfield code="a">unmediated</subfield>
    <subfield code="b">n</subfield>
    <subfield code="2">rdamedia</subfield>
  </datafield>
  <datafield tag="338" ind1=" " ind2=" ">
    <subfield code="a">volume</subfield>
    <subfield code="b">nc</subfield>
    <subfield code="2">rdacarrier</subfield>
  </datafield>
  <datafield tag="520" ind1=" " ind2=" ">
    <subfield code="a">&quot;Linda Kohanov, author of the bestselling The Tao of Equus, pioneered a deep understanding of &quot;the way of the horse,&quot; including the extraordinary nonverbal communication of skilled riders and the collaborative power of &quot;herding cultures&quot; through the centuries. She has adapted this profound, time-tested approach to modern life and the organizations in which top-down management hierarchies have become obsolete. Detailing the five roles of &quot;master herders&quot; - Dominant, Leader, Sentinel, Nurturer/Companion, Predator - she shows readers how to recognize and utilize them in the &quot;modern tribes&quot; of our workplaces and other social organizations. Richly nuanced and yet wonderfully practical, this model facilitates the mobility, adaptability, and innovation essential today, and allows groups to achieve goals, overcome obstacles, and sustain one another with the powerful grace exemplified by skilled horse and rider&quot;--</subfield>
    <subfield code="c">Provided by publisher.</subfield>
  </datafield>
  <datafield tag="650" ind1=" " ind2="0">
    <subfield code="a">Social intelligence.</subfield>
  </datafield>
  <datafield tag="650" ind1=" " ind2="0">
    <subfield code="a">Leadership.</subfield>
  </datafield>
  <datafield tag="650" ind1=" " ind2="0">
    <subfield code="a">Organizational behavior.</subfield>
  </datafield>
  <datafield tag="650" ind1=" " ind2="7">
    <subfield code="a">BUSINESS &amp; ECONOMICS / Leadership.</subfield>
    <subfield code="2">bisacsh</subfield>
  </datafield>
  <datafield tag="650" ind1=" " ind2="7">
    <subfield code="a">NATURE / Animals / Horses.</subfield>
    <subfield code="2">bisacsh</subfield>
  </datafield>
  <datafield tag="650" ind1=" " ind2="7">
    <subfield code="a">SELF-HELP / Personal Growth / General.</subfield>
    <subfield code="2">bisacsh</subfield>
  </datafield>
  <datafield tag="650" ind1=" " ind2="7">
    <subfield code="a">SOCIAL SCIENCE / Anthropology / Cultural.</subfield>
    <subfield code="2">bisacsh</subfield>
  </datafield>
  <datafield tag="776" ind1="0" ind2="8">
    <subfield code="i">Online version:</subfield>
    <subfield code="a">Kohanov, Linda, author.</subfield>
    <subfield code="t">Five roles of a master herder</subfield>
    <subfield code="d">Novato, California : New World Library, 2016</subfield>
    <subfield code="z">9781608683390</subfield>
    <subfield code="w">(DLC) 2016013516</subfield>
  </datafield>
</record>