
<record>
  <leader>03274cam a22004937i 4500</leader>
  <controlfield tag="001">19021162</controlfield>
  <controlfield tag="005">20200103121039.0</controlfield>
  <controlfield tag="008">151218s2015    bo a          000 j spa c</controlfield>
  <datafield tag="906" ind1=" " ind2=" ">
    <subfield code="a">7</subfield>
    <subfield code="b">cbc</subfield>
    <subfield code="c">pccadap</subfield>
    <subfield code="d">3</subfield>
    <subfield code="e">ncip</subfield>
    <subfield code="f">20</subfield>
    <subfield code="g">y-gencatlg</subfield>
  </datafield>
  <datafield tag="925" ind1="0" ind2=" ">
    <subfield code="a">acquire</subfield>
    <subfield code="b">1 shelf copy</subfield>
    <subfield code="x">policy default</subfield>
  </datafield>
  <datafield tag="955" ind1=" " ind2=" ">
    <subfield code="b">bg12 2016-07-07 to ALAWE/SA</subfield>
    <subfield code="b">bc12 2017-07-14 z-processor (overtime)</subfield>
    <subfield code="i">bc12 2017-08-16 (telework)</subfield>
    <subfield code="e">bc12 2017-09-01 to BCCD (ABAchecked &amp; Labeled)</subfield>
  </datafield>
  <datafield tag="010" ind1=" " ind2=" ">
    <subfield code="a">  2015453957</subfield>
  </datafield>
  <datafield tag="035" ind1=" " ind2=" ">
    <subfield code="a">(OCoLC)ocn934280832</subfield>
  </datafield>
  <datafield tag="040" ind1=" " ind2=" ">
    <subfield code="a">STF</subfield>
    <subfield code="b">eng</subfield>
    <subfield code="c">STF</subfield>
    <subfield code="e">rda</subfield>
    <subfield code="d">IPL</subfield>
    <subfield code="d">OCLCA</subfield>
    <subfield code="d">IXA</subfield>
    <subfield code="d">OCLCF</subfield>
    <subfield code="d">UBY</subfield>
    <subfield code="d">OCLCQ</subfield>
    <subfield code="d">NDD</subfield>
    <subfield code="d">OCL</subfield>
    <subfield code="d">DLC</subfield>
  </datafield>
  <datafield tag="043" ind1=" " ind2=" ">
    <subfield code="a">s-bo---</subfield>
  </datafield>
  <datafield tag="050" ind1="0" ind2="0">
    <subfield code="a">PQ7817.L26</subfield>
    <subfield code="b">C76 2015</subfield>
  </datafield>
  <datafield tag="245" ind1="0" ind2="0">
    <subfield code="a">Crónicas paceñas /</subfield>
    <subfield code="c">coordinador académico Guillermo Mariaca Iturri ; autores Edgar Soliz Guzmán [and twelve others].</subfield>
  </datafield>
  <datafield tag="264" ind1=" " ind2="1">
    <subfield code="a">[La Paz] :</subfield>
    <subfield code="b">Gobierno Autónomo Municipal de La Paz, Oficialia Mayor de Desarrollo Humano :</subfield>
    <subfield code="b">Carrera de Literatura, Universidad Mayor de San Andrés,</subfield>
    <subfield code="c">[2015?]</subfield>
  </datafield>
  <datafield tag="300" ind1=" " ind2=" ">
    <subfield code="a">160 pages :</subfield>
    <subfield code="b">color illustrations ;</subfield>
    <subfield code="c">22 x 24 cm</subfield>
  </datafield>
  <datafield tag="336" ind1=" " ind2=" ">
    <subfield code="a">text</subfield>
    <subfield code="b">txt</subfield>
    <subfield code="2">rdacontent</subfield>
  </datafield>
  <datafield tag="337" ind1=" " ind2=" ">
    <subfield code="a">unmediated</subfield>
    <subfield code="b">n</subfield>
    <subfield code="2">rdamedia</subfield>
  </datafield>
  <datafield tag="338" ind1=" " ind2=" ">
    <subfield code="a">volume</subfield>
    <subfield code="b">nc</subfield>
    <subfield code="2">rdacarrier</subfield>
  </datafield>
  <datafield tag="500" ind1=" " ind2=" ">
    <subfield code="a">&quot;El libro Crónicas paceñas es resultado del trabajo de un grupo de estudiantes de la Carrera de Literatura de la UMSA, quienes se dieron a la tarea de recorrer las calles de la ciudad para retratarla a través de la crónicas que aquí escribieron y las fotografías que las acompañan&quot;--Page 3.</subfield>
  </datafield>
  <datafield tag="505" ind1="0" ind2=" ">
    <subfield code="a">Gran poder: La Posada, el lugar de la memoria desvencijada / Edgar Soliz Guzmán -- Todos juntos: Los que no nos vamos, los que ya nos fuimos / Carmen Valdivia -- San Miguel: Vigilia / Stefany Diez de Medina -- Madame Ulupica / Milenka Torrico Camacho -- La Virgen de San Miguel / Mario Diego Daza Vargas -- Nuestra Señora de los caos / Susane Evelyn Centellas Vargas -- Sopocachi: El resto del tranvía / José Manuel Baptista Rossells -- Aprender en Sopocachi / Catalina Villalba -- Peregrinación entre montañas / Luis Carlos Sanabria -- Opus 4.40, entre Jorge Eduardo y Don Flavio Machicado / Cristina Garrón -- Villa Victoria: Vilas victoriosas / Graciela Jhiosara Illanes Gutiérrez -- Música clásica en Villa Victoria / Tania Benavente -- La victoria de la villa / Tania Huanca Cuno.</subfield>
  </datafield>
  <datafield tag="650" ind1=" " ind2="0">
    <subfield code="a">Short stories, Bolivian</subfield>
    <subfield code="z">Bolivia</subfield>
    <subfield code="z">La Paz.</subfield>
  </datafield>
  <datafield tag="650" ind1=" " ind2="0">
    <subfield code="a">Bolivian fiction</subfield>
    <subfield code="y">21st century.</subfield>
  </datafield>
  <datafield tag="650" ind1=" " ind2="0">
    <subfield code="a">Bolivian fiction</subfield>
    <subfield code="z">Bolivia</subfield>
    <subfield code="z">La Paz.</subfield>
  </datafield>
  <datafield tag="700" ind1="1" ind2=" ">
    <subfield code="a">Mariaca, Guillermo,</subfield>
    <subfield code="e">editor.</subfield>
  </datafield>
  <datafield tag="700" ind1="1" ind2=" ">
    <subfield code="a">Soliz Guzmán, Edgar,</subfield>
    <subfield code="e">author.</subfield>
  </datafield>
  <datafield tag="700" ind1="1" ind2=" ">
    <subfield code="a">Valdivia, Carmen</subfield>
    <subfield code="c">(Co-author of Crónicas paceñas),</subfield>
    <subfield code="e">author.</subfield>
  </datafield>
  <datafield tag="700" ind1="1" ind2=" ">
    <subfield code="a">Diez de Medina Rojas, Stefany.</subfield>
  </datafield>
  <datafield tag="700" ind1="1" ind2=" ">
    <subfield code="a">Torrica Camacho, Milenka,</subfield>
    <subfield code="e">author.</subfield>
  </datafield>
  <datafield tag="700" ind1="1" ind2=" ">
    <subfield code="a">Daza Vargas, Mario Diego,</subfield>
    <subfield code="e">author.</subfield>
  </datafield>
  <datafield tag="700" ind1="1" ind2=" ">
    <subfield code="a">Centellas, Susane,</subfield>
    <subfield code="e">author.</subfield>
  </datafield>
  <datafield tag="700" ind1="1" ind2=" ">
    <subfield code="a">Baptista Rossells, José Manuel,</subfield>
    <subfield code="e">author.</subfield>
  </datafield>
  <datafield tag="700" ind1="1" ind2=" ">
    <subfield code="a">Villalba, Catalina,</subfield>
    <subfield code="e">author.</subfield>
  </datafield>
  <datafield tag="700" ind1="1" ind2=" ">
    <subfield code="a">Sanabria, Luis Carlos,</subfield>
    <subfield code="e">author.</subfield>
  </datafield>
  <datafield tag="700" ind1="1" ind2=" ">
    <subfield code="a">Garrón, Cristina,</subfield>
    <subfield code="e">author.</subfield>
  </datafield>
  <datafield tag="700" ind1="1" ind2=" ">
    <subfield code="a">Illanes Gutiérrez, Graciela Jhiosara,</subfield>
    <subfield code="e">author.</subfield>
  </datafield>
  <datafield tag="700" ind1="1" ind2=" ">
    <subfield code="a">Benavente, Tania,</subfield>
    <subfield code="e">author.</subfield>
  </datafield>
  <datafield tag="700" ind1="1" ind2=" ">
    <subfield code="a">Huanca Cuno, Tania,</subfield>
    <subfield code="e">author.</subfield>
  </datafield>
  <datafield tag="710" ind1="2" ind2=" ">
    <subfield code="a">Universidad Mayor de San Andrés.</subfield>
    <subfield code="b">Carrera de Literatura.</subfield>
  </datafield>
  <datafield tag="923" ind1=" " ind2=" ">
    <subfield code="d">20160224</subfield>
    <subfield code="n">13575B2016</subfield>
    <subfield code="s">BO-CbLA</subfield>
  </datafield>
  <datafield tag="985" ind1=" " ind2=" ">
    <subfield code="e">VENDOR LOAD</subfield>
  </datafield>
</record>