
<record>
  <leader>01145cam a22003017i 4500</leader>
  <controlfield tag="001">19021242</controlfield>
  <controlfield tag="005">20200103121041.0</controlfield>
  <controlfield tag="008">160107s2015    bo ab        f000 0 spa c</controlfield>
  <datafield tag="906" ind1=" " ind2=" ">
    <subfield code="a">7</subfield>
    <subfield code="b">cbc</subfield>
    <subfield code="c">pccadap</subfield>
    <subfield code="d">2</subfield>
    <subfield code="e">ncip</subfield>
    <subfield code="f">20</subfield>
    <subfield code="g">y-gencatlg</subfield>
  </datafield>
  <datafield tag="925" ind1="0" ind2=" ">
    <subfield code="a">acquire</subfield>
    <subfield code="b">1 shelf copy</subfield>
    <subfield code="x">policy default</subfield>
  </datafield>
  <datafield tag="955" ind1=" " ind2=" ">
    <subfield code="b">bg12 2016-11-23 to ALAWE/SA</subfield>
    <subfield code="b">bc12 2017-02-16 z-processor</subfield>
    <subfield code="i">bc12 2017-02-16</subfield>
    <subfield code="e">bc12 2017-02-16 to BCCD (ABACheck &amp; Labeled)</subfield>
    <subfield code="a">bg10 2017-02-16, rev.</subfield>
  </datafield>
  <datafield tag="010" ind1=" " ind2=" ">
    <subfield code="a">  2016445925</subfield>
  </datafield>
  <datafield tag="035" ind1=" " ind2=" ">
    <subfield code="a">(OCoLC)ocn950058812</subfield>
  </datafield>
  <datafield tag="040" ind1=" " ind2=" ">
    <subfield code="a">CSt</subfield>
    <subfield code="b">eng</subfield>
    <subfield code="c">STF</subfield>
    <subfield code="e">rda</subfield>
    <subfield code="d">OCLCO</subfield>
    <subfield code="d">IXA</subfield>
    <subfield code="d">UBY</subfield>
    <subfield code="d">OCLCF</subfield>
    <subfield code="d">DLC</subfield>
  </datafield>
  <datafield tag="043" ind1=" " ind2=" ">
    <subfield code="a">s-bo---</subfield>
  </datafield>
  <datafield tag="050" ind1="0" ind2="0">
    <subfield code="a">HA965</subfield>
    <subfield code="b">.C54 2015</subfield>
  </datafield>
  <datafield tag="245" ind1="0" ind2="0">
    <subfield code="a">Cifras en tiempos de cambio.</subfield>
  </datafield>
  <datafield tag="264" ind1=" " ind2="1">
    <subfield code="a">La Paz :</subfield>
    <subfield code="b">Instituto Nacional de Estadística,</subfield>
    <subfield code="c">2015.</subfield>
  </datafield>
  <datafield tag="300" ind1=" " ind2=" ">
    <subfield code="a">79 pages :</subfield>
    <subfield code="b">color illustrations, color map ;</subfield>
    <subfield code="c">22 cm</subfield>
  </datafield>
  <datafield tag="336" ind1=" " ind2=" ">
    <subfield code="a">text</subfield>
    <subfield code="2">rdacontent</subfield>
  </datafield>
  <datafield tag="337" ind1=" " ind2=" ">
    <subfield code="a">unmediated</subfield>
    <subfield code="2">rdamedia</subfield>
  </datafield>
  <datafield tag="338" ind1=" " ind2=" ">
    <subfield code="a">volume</subfield>
    <subfield code="2">rdacarrier</subfield>
  </datafield>
  <datafield tag="500" ind1=" " ind2=" ">
    <subfield code="a">Cover title.</subfield>
  </datafield>
  <datafield tag="651" ind1=" " ind2="0">
    <subfield code="a">Bolivia</subfield>
    <subfield code="x">Statistics, Vital.</subfield>
  </datafield>
  <datafield tag="651" ind1=" " ind2="0">
    <subfield code="a">Bolivia</subfield>
    <subfield code="x">Population</subfield>
    <subfield code="v">Statistics</subfield>
    <subfield code="y">21st century.</subfield>
  </datafield>
  <datafield tag="710" ind1="2" ind2=" ">
    <subfield code="a">Instituto Nacional de Estadística (Bolivia)</subfield>
  </datafield>
  <datafield tag="923" ind1=" " ind2=" ">
    <subfield code="d">20160224</subfield>
    <subfield code="n">14277B2016</subfield>
    <subfield code="s">BO-CbLA</subfield>
  </datafield>
  <datafield tag="985" ind1=" " ind2=" ">
    <subfield code="e">VENDOR LOAD</subfield>
  </datafield>
</record>