
<record>
  <leader>01674cam a22004217i 4500</leader>
  <controlfield tag="001">19027371</controlfield>
  <controlfield tag="005">20200103121047.0</controlfield>
  <controlfield tag="008">160323s2015    ko       l    001 0 kor  </controlfield>
  <datafield tag="906" ind1=" " ind2=" ">
    <subfield code="a">7</subfield>
    <subfield code="b">cbc</subfield>
    <subfield code="c">origcop</subfield>
    <subfield code="d">3</subfield>
    <subfield code="e">ncip</subfield>
    <subfield code="f">20</subfield>
    <subfield code="g">y-nonroman</subfield>
  </datafield>
  <datafield tag="925" ind1="0" ind2=" ">
    <subfield code="a">acquire</subfield>
    <subfield code="b">1 shelf copy</subfield>
    <subfield code="x">policy default</subfield>
  </datafield>
  <datafield tag="955" ind1=" " ind2=" ">
    <subfield code="b">cf21 2016-03-23</subfield>
    <subfield code="i">cf18  2016-07-07 to LL</subfield>
  </datafield>
  <datafield tag="010" ind1=" " ind2=" ">
    <subfield code="a">  2016384338</subfield>
  </datafield>
  <datafield tag="040" ind1=" " ind2=" ">
    <subfield code="a">DLC</subfield>
    <subfield code="b">eng</subfield>
    <subfield code="c">DLC</subfield>
    <subfield code="e">rda</subfield>
    <subfield code="d">DLC</subfield>
  </datafield>
  <datafield tag="043" ind1=" " ind2=" ">
    <subfield code="a">a-ko---</subfield>
  </datafield>
  <datafield tag="050" ind1="0" ind2="0">
    <subfield code="a">KPA2280</subfield>
    <subfield code="b">.H66 2015</subfield>
  </datafield>
  <datafield tag="066" ind1=" " ind2=" ">
    <subfield code="c">$1</subfield>
  </datafield>
  <datafield tag="245" ind1="0" ind2="0">
    <subfield code="6">880-01</subfield>
    <subfield code="a">Hŏnpŏp chaep&apos;an silmu cheyo /</subfield>
    <subfield code="c">Hŏnpŏp Chaep&apos;anso.</subfield>
  </datafield>
  <datafield tag="880" ind1="0" ind2="0">
    <subfield code="6">245-01/$1</subfield>
    <subfield code="a">헌법 재판 실무 제요 /</subfield>
    <subfield code="c">헌법 재판소.</subfield>
  </datafield>
  <datafield tag="250" ind1=" " ind2=" ">
    <subfield code="6">880-02</subfield>
    <subfield code="a">Che 2 kaejŏngp&apos;an.</subfield>
  </datafield>
  <datafield tag="880" ind1=" " ind2=" ">
    <subfield code="6">250-02/$1</subfield>
    <subfield code="a">제 2 개정판.</subfield>
  </datafield>
  <datafield tag="264" ind1=" " ind2="1">
    <subfield code="6">880-03</subfield>
    <subfield code="a">[Seoul] :</subfield>
    <subfield code="b">Hŏnpŏp Chaep&apos;anso,</subfield>
    <subfield code="c">2015.</subfield>
  </datafield>
  <datafield tag="880" ind1=" " ind2="1">
    <subfield code="6">264-03/$1</subfield>
    <subfield code="a">[Seoul] :</subfield>
    <subfield code="b">헌법 재판소,</subfield>
    <subfield code="c">2015.</subfield>
  </datafield>
  <datafield tag="300" ind1=" " ind2=" ">
    <subfield code="a">33, 654 pages ;</subfield>
    <subfield code="c">23 cm</subfield>
  </datafield>
  <datafield tag="336" ind1=" " ind2=" ">
    <subfield code="a">text</subfield>
    <subfield code="b">txt</subfield>
    <subfield code="2">rdacontent</subfield>
  </datafield>
  <datafield tag="337" ind1=" " ind2=" ">
    <subfield code="a">unmediated</subfield>
    <subfield code="b">n</subfield>
    <subfield code="2">rdamedia</subfield>
  </datafield>
  <datafield tag="338" ind1=" " ind2=" ">
    <subfield code="a">volume</subfield>
    <subfield code="b">nc</subfield>
    <subfield code="2">rdacarrier</subfield>
  </datafield>
  <datafield tag="500" ind1=" " ind2=" ">
    <subfield code="a">&quot;Palgan tŭngnok pŏnho, 33-9750000-000095-1&quot;--Cover.</subfield>
  </datafield>
  <datafield tag="500" ind1=" " ind2=" ">
    <subfield code="a">Includes indexes.</subfield>
  </datafield>
  <datafield tag="650" ind1=" " ind2="0">
    <subfield code="a">Judicial review</subfield>
    <subfield code="z">Korea (South)</subfield>
  </datafield>
  <datafield tag="650" ind1=" " ind2="0">
    <subfield code="a">Constitutional courts</subfield>
    <subfield code="z">Korea (South)</subfield>
  </datafield>
  <datafield tag="650" ind1=" " ind2="0">
    <subfield code="a">Constitutional law</subfield>
    <subfield code="z">Korea (South)</subfield>
  </datafield>
  <datafield tag="710" ind1="1" ind2=" ">
    <subfield code="6">880-04</subfield>
    <subfield code="a">Korea (South).</subfield>
    <subfield code="b">Hŏnpŏp Chaep&apos;anso,</subfield>
    <subfield code="e">author,</subfield>
    <subfield code="e">issuing body.</subfield>
  </datafield>
  <datafield tag="880" ind1="1" ind2=" ">
    <subfield code="6">710-04/$1</subfield>
    <subfield code="a">Korea (South).</subfield>
    <subfield code="b">헌법 재판소,</subfield>
    <subfield code="e">author,</subfield>
    <subfield code="e">issuing body.</subfield>
  </datafield>
  <datafield tag="710" ind1="1" ind2="2">
    <subfield code="6">880-05</subfield>
    <subfield code="a">Korea (South).</subfield>
    <subfield code="t">Hŏnpŏp (1987)</subfield>
  </datafield>
  <datafield tag="880" ind1="1" ind2="2">
    <subfield code="6">710-05/$1</subfield>
    <subfield code="a">Korea (South).</subfield>
    <subfield code="t">헌법 (1987)</subfield>
  </datafield>
  <datafield tag="710" ind1="1" ind2="2">
    <subfield code="6">880-06</subfield>
    <subfield code="a">Korea (South).</subfield>
    <subfield code="t">Hŏnpŏp Chaep&apos;ansopŏp.</subfield>
  </datafield>
  <datafield tag="880" ind1="1" ind2="2">
    <subfield code="6">710-06/$1</subfield>
    <subfield code="a">Korea (South).</subfield>
    <subfield code="t">헌법 재판소법.</subfield>
  </datafield>
  <datafield tag="923" ind1=" " ind2=" ">
    <subfield code="s">94003630</subfield>
  </datafield>
</record>