
<record>
  <leader>04170cam a22004577i 4500</leader>
  <controlfield tag="001">19027907</controlfield>
  <controlfield tag="005">20200103150612.0</controlfield>
  <controlfield tag="008">160323t20162016nyua     bc   000 0deng c</controlfield>
  <datafield tag="906" ind1=" " ind2=" ">
    <subfield code="a">7</subfield>
    <subfield code="b">cbc</subfield>
    <subfield code="c">pccadap</subfield>
    <subfield code="d">2</subfield>
    <subfield code="e">epcn</subfield>
    <subfield code="f">20</subfield>
    <subfield code="g">y-gencatlg</subfield>
  </datafield>
  <datafield tag="925" ind1="0" ind2=" ">
    <subfield code="a">acquire</subfield>
    <subfield code="b">1 shelf copy</subfield>
    <subfield code="x">policy default</subfield>
  </datafield>
  <datafield tag="955" ind1=" " ind2=" ">
    <subfield code="b">rk11 2016-09-13 z-processor</subfield>
    <subfield code="i">rk11 2016-09-13 to Dewey</subfield>
  </datafield>
  <datafield tag="955" ind1=" " ind2=" ">
    <subfield code="a">pc20 2016-03-23</subfield>
    <subfield code="a">xn11 2016-09-06 1 copy rec&apos;d., to USASH</subfield>
  </datafield>
  <datafield tag="010" ind1=" " ind2=" ">
    <subfield code="a">  2016936806</subfield>
  </datafield>
  <datafield tag="020" ind1=" " ind2=" ">
    <subfield code="a">9781633450035</subfield>
    <subfield code="q">(cloth)</subfield>
  </datafield>
  <datafield tag="020" ind1=" " ind2=" ">
    <subfield code="a">1633450031</subfield>
    <subfield code="q">(cloth)</subfield>
  </datafield>
  <datafield tag="035" ind1=" " ind2=" ">
    <subfield code="a">(OCoLC)ocn933720177</subfield>
  </datafield>
  <datafield tag="040" ind1=" " ind2=" ">
    <subfield code="a">BTCTA</subfield>
    <subfield code="b">eng</subfield>
    <subfield code="c">BTCTA</subfield>
    <subfield code="e">rda</subfield>
    <subfield code="d">OCLCQ</subfield>
    <subfield code="d">BDX</subfield>
    <subfield code="d">YDXCP</subfield>
    <subfield code="d">AZU</subfield>
    <subfield code="d">GZM</subfield>
    <subfield code="d">CIA</subfield>
    <subfield code="d">OCLCO</subfield>
    <subfield code="d">OSU</subfield>
    <subfield code="d">FXM</subfield>
    <subfield code="d">OCLCF</subfield>
    <subfield code="d">MUU</subfield>
    <subfield code="d">DLC</subfield>
  </datafield>
  <datafield tag="050" ind1="0" ind2="0">
    <subfield code="a">ND553.P47</subfield>
    <subfield code="b">A4 2016</subfield>
  </datafield>
  <datafield tag="130" ind1="0" ind2=" ">
    <subfield code="a">Francis Picabia (Museum of Modern Art (New York, N.Y.))</subfield>
  </datafield>
  <datafield tag="245" ind1="1" ind2="0">
    <subfield code="a">Francis Picabia :</subfield>
    <subfield code="b">our heads are round so our thoughts can change direction /</subfield>
    <subfield code="c">Anne Umland and Cathérine Hug ; with essays by George Baker [and 12 others].</subfield>
  </datafield>
  <datafield tag="264" ind1=" " ind2="1">
    <subfield code="a">New York :</subfield>
    <subfield code="b">The Museum of Modern Art, New York ;</subfield>
    <subfield code="a">Zürich :</subfield>
    <subfield code="b">Kunsthaus Zürich,</subfield>
    <subfield code="c">[2016]</subfield>
  </datafield>
  <datafield tag="264" ind1=" " ind2="4">
    <subfield code="c">©2016</subfield>
  </datafield>
  <datafield tag="300" ind1=" " ind2=" ">
    <subfield code="a">368 pages :</subfield>
    <subfield code="b">illustrations (chiefly color) ;</subfield>
    <subfield code="c">32 cm</subfield>
  </datafield>
  <datafield tag="336" ind1=" " ind2=" ">
    <subfield code="a">text</subfield>
    <subfield code="b">txt</subfield>
    <subfield code="2">rdacontent</subfield>
  </datafield>
  <datafield tag="336" ind1=" " ind2=" ">
    <subfield code="a">still image</subfield>
    <subfield code="b">sti</subfield>
    <subfield code="2">rdacontent</subfield>
  </datafield>
  <datafield tag="337" ind1=" " ind2=" ">
    <subfield code="a">unmediated</subfield>
    <subfield code="b">n</subfield>
    <subfield code="2">rdamedia</subfield>
  </datafield>
  <datafield tag="338" ind1=" " ind2=" ">
    <subfield code="a">volume</subfield>
    <subfield code="b">nc</subfield>
    <subfield code="2">rdacarrier</subfield>
  </datafield>
  <datafield tag="500" ind1=" " ind2=" ">
    <subfield code="a">Published in conjunction with the exhibition held at the Kunsthaus Zürich, June 3-September 25, 2016, and at The Museum of Modern Art, New York, November 20, 2016-March 19, 2017.</subfield>
  </datafield>
  <datafield tag="520" ind1="8" ind2=" ">
    <subfield code="a">Among the great modern artists of the past century, Picabia is one of the most elusive, given his extreme eclecticism and persistent acts of self-contradiction. Though known as a Dadaist, Picabia&apos;s ongoing stylistic shifts, from Impressionism to radical abstraction, from mechanical imagery to pseudo-classicism, and from photo-based realism to art informel remain to be assessed in depth. Similarly, the breadth of his practice, which encompassed poetry, film and performance is under-recognized. Each makes him a figure relevant for contemporary artists, while the career as a whole challenges familiar narratives of modernism. Francis Picabia presents over 100 paintings, complemented by works on paper, publications, and film. Featuring some 500 illustrations and 14 essays, it examines the full range of Picabia&apos;s oeuvre.</subfield>
  </datafield>
  <datafield tag="505" ind1="0" ind2="0">
    <subfield code="g">Foreword /</subfield>
    <subfield code="r">Glenn D. Lowry and Christoph Becker --</subfield>
    <subfield code="g">Acknowledgments /</subfield>
    <subfield code="r">Anne Umland and Cathérine Hug --</subfield>
    <subfield code="t">Francis Picabia: an introduction /</subfield>
    <subfield code="r">Anne Umland --</subfield>
    <subfield code="t">Francis Picabia, once removed /</subfield>
    <subfield code="r">Gordon Hughes --</subfield>
    <subfield code="t">The body after cubism /</subfield>
    <subfield code="r">George Baker --</subfield>
    <subfield code="t">War, exile, and the machine /</subfield>
    <subfield code="r">Adrian Sudhalter --</subfield>
    <subfield code="t">&quot;I&apos;m feeling somewhat better&quot; /</subfield>
    <subfield code="r">Juri Steiner --</subfield>
    <subfield code="t">Picabia&apos;s worldliness /</subfield>
    <subfield code="r">Briony Fer --</subfield>
    <subfield code="t">Relâche and the music hall /</subfield>
    <subfield code="r">Carole Boulbès --</subfield>
    <subfield code="t">Francis &quot;Funny Guy&quot; Picabia and Entr&apos;acte /</subfield>
    <subfield code="r">Jean-Jacques Lebel --</subfield>
    <subfield code="t">Art = Sun = Destruction /</subfield>
    <subfield code="r">Aurélie Verdier --</subfield>
    <subfield code="t">The secret recesses of Picabia&apos;s transparencies /</subfield>
    <subfield code="r">Masha Chlenova --</subfield>
    <subfield code="t">More powerful, more simple, more human painting /</subfield>
    <subfield code="r">Bernard Marcadé --</subfield>
    <subfield code="t">Francis Picabia&apos;s &quot;war&quot; /</subfield>
    <subfield code="r">Michèle C. Cone --</subfield>
    <subfield code="t">Painting, poetry, and impudent correspondence /</subfield>
    <subfield code="r">Carole Boulbès --</subfield>
    <subfield code="t">&quot;The sacrilege of the points&quot;: Francis Picabia&apos;s quasi-monochromes and the return of dada /</subfield>
    <subfield code="r">Arnauld Pierre --</subfield>
    <subfield code="t">Jokes and their relation to modern art: Picabia&apos;s painting /</subfield>
    <subfield code="r">David Joselit --</subfield>
    <subfield code="t">Picabia after Picabia /</subfield>
    <subfield code="r">Cathérine Hug --</subfield>
    <subfield code="t">Pharamousse, funny guy, Picabia the loser: the life of Francis Picabia /</subfield>
    <subfield code="r">Rachel Silveri --</subfield>
    <subfield code="g">Checklist of the exhibition /</subfield>
    <subfield code="r">Natalie Depêcher with Talia Kwartler.</subfield>
  </datafield>
  <datafield tag="504" ind1=" " ind2=" ">
    <subfield code="a">Includes bibliographical references (pages 361-364).</subfield>
  </datafield>
  <datafield tag="600" ind1="1" ind2="0">
    <subfield code="a">Picabia, Francis,</subfield>
    <subfield code="d">1879-1953</subfield>
    <subfield code="v">Exhibitions.</subfield>
  </datafield>
  <datafield tag="600" ind1="1" ind2="7">
    <subfield code="a">Picabia, Francis,</subfield>
    <subfield code="d">1879-1953.</subfield>
    <subfield code="2">fast</subfield>
    <subfield code="0">(OCoLC)fst00006369</subfield>
  </datafield>
  <datafield tag="650" ind1=" " ind2="7">
    <subfield code="a">Arts, Modern.</subfield>
    <subfield code="2">fast</subfield>
    <subfield code="0">(OCoLC)fst00818137</subfield>
  </datafield>
  <datafield tag="648" ind1=" " ind2="7">
    <subfield code="a">1900-1999</subfield>
    <subfield code="2">fast</subfield>
  </datafield>
  <datafield tag="700" ind1="1" ind2=" ">
    <subfield code="a">Umland, Anne.</subfield>
  </datafield>
  <datafield tag="700" ind1="1" ind2=" ">
    <subfield code="a">Hug, Catherine,</subfield>
    <subfield code="d">1976-</subfield>
  </datafield>
  <datafield tag="700" ind1="1" ind2=" ">
    <subfield code="a">Picabia, Francis,</subfield>
    <subfield code="d">1879-1953.</subfield>
  </datafield>
  <datafield tag="700" ind1="1" ind2=" ">
    <subfield code="a">Baker, George</subfield>
    <subfield code="q">(George Thomas),</subfield>
    <subfield code="d">1970-</subfield>
  </datafield>
  <datafield tag="710" ind1="2" ind2=" ">
    <subfield code="a">Museum of Modern Art (New York, N.Y.),</subfield>
    <subfield code="e">host institution,</subfield>
    <subfield code="e">issuing body.</subfield>
  </datafield>
  <datafield tag="710" ind1="2" ind2=" ">
    <subfield code="a">Kunsthaus Zürich,</subfield>
    <subfield code="e">host institution,</subfield>
    <subfield code="e">issuing body.</subfield>
  </datafield>
</record>