
<record>
  <leader>02889cam a22004097i 4500</leader>
  <controlfield tag="001">19028426</controlfield>
  <controlfield tag="005">20200103150612.0</controlfield>
  <controlfield tag="008">160323s2016    enk           000 0 eng  </controlfield>
  <datafield tag="906" ind1=" " ind2=" ">
    <subfield code="a">7</subfield>
    <subfield code="b">cbc</subfield>
    <subfield code="c">orignew</subfield>
    <subfield code="d">1</subfield>
    <subfield code="e">ecip</subfield>
    <subfield code="f">20</subfield>
    <subfield code="g">y-gencatlg</subfield>
  </datafield>
  <datafield tag="925" ind1="0" ind2=" ">
    <subfield code="a">acquire</subfield>
    <subfield code="b">1 shelf copy</subfield>
    <subfield code="x">policy default</subfield>
  </datafield>
  <datafield tag="955" ind1=" " ind2=" ">
    <subfield code="b">rm13 2016-03-23</subfield>
    <subfield code="i">rm13 2016-03-23 ONIX</subfield>
    <subfield code="w">xm06 2016-03-24</subfield>
    <subfield code="a">xn12 2016-06-17 1 copy rec&apos;d., to CIP ver.</subfield>
    <subfield code="f">rm06 2016-06-20 to BCCD</subfield>
  </datafield>
  <datafield tag="010" ind1=" " ind2=" ">
    <subfield code="a">  2016007516</subfield>
  </datafield>
  <datafield tag="020" ind1=" " ind2=" ">
    <subfield code="a">9781784783167 (paperback)</subfield>
  </datafield>
  <datafield tag="020" ind1=" " ind2=" ">
    <subfield code="z">9781784783174 (US EBK)</subfield>
  </datafield>
  <datafield tag="020" ind1=" " ind2=" ">
    <subfield code="z">9781784783181 (UK EBK)</subfield>
  </datafield>
  <datafield tag="040" ind1=" " ind2=" ">
    <subfield code="a">DLC</subfield>
    <subfield code="b">eng</subfield>
    <subfield code="c">DLC</subfield>
    <subfield code="e">rda</subfield>
    <subfield code="d">DLC</subfield>
  </datafield>
  <datafield tag="043" ind1=" " ind2=" ">
    <subfield code="a">n-us---</subfield>
  </datafield>
  <datafield tag="050" ind1="0" ind2="0">
    <subfield code="a">HV8141</subfield>
    <subfield code="b">.P5977 2016</subfield>
  </datafield>
  <datafield tag="082" ind1="0" ind2="0">
    <subfield code="a">363.2/30973</subfield>
    <subfield code="2">23</subfield>
  </datafield>
  <datafield tag="084" ind1=" " ind2=" ">
    <subfield code="a">SOC026030</subfield>
    <subfield code="a">LAW013000</subfield>
    <subfield code="a">POL004000</subfield>
    <subfield code="2">bisacsh</subfield>
  </datafield>
  <datafield tag="245" ind1="0" ind2="0">
    <subfield code="a">Policing the planet :</subfield>
    <subfield code="b">why the policing crisis led to black lives matter /</subfield>
    <subfield code="c">edited by Jordan T. Camp, and Christina Heatherton.</subfield>
  </datafield>
  <datafield tag="264" ind1=" " ind2="1">
    <subfield code="a">London ;</subfield>
    <subfield code="a">New York :</subfield>
    <subfield code="b">Verso,</subfield>
    <subfield code="c">2016.</subfield>
  </datafield>
  <datafield tag="300" ind1=" " ind2=" ">
    <subfield code="a">vii, 301 pages ;</subfield>
    <subfield code="c">24 cm</subfield>
  </datafield>
  <datafield tag="336" ind1=" " ind2=" ">
    <subfield code="a">text</subfield>
    <subfield code="b">txt</subfield>
    <subfield code="2">rdacontent</subfield>
  </datafield>
  <datafield tag="337" ind1=" " ind2=" ">
    <subfield code="a">unmediated</subfield>
    <subfield code="b">n</subfield>
    <subfield code="2">rdamedia</subfield>
  </datafield>
  <datafield tag="338" ind1=" " ind2=" ">
    <subfield code="a">volume</subfield>
    <subfield code="b">nc</subfield>
    <subfield code="2">rdacarrier</subfield>
  </datafield>
  <datafield tag="520" ind1=" " ind2=" ">
    <subfield code="a">&quot;A probing collection of essays and interviews addressing police brutality and racial injustice  Policing has become one of the urgent issues of our time, the target of dramatic movements and front-page coverage from coast to coast in the United States and across the world. Now a wide-ranging collection of writers and activists offers a global response, describing ongoing struggles from New York to Ferguson to Los Angeles, as well as London, San Juan, San Salvador, and beyond.  This book, combining first-hand accounts from organizers with the interventions of scholars and contributions by leading artists, traces the global rise of the &quot;broken-windows&quot; strategy of policing, first established in New York City under Police Commissioner William Bratton, a doctrine that has vastly broadened police power and contributed to the contemporary crisis of policing that has been sparked by notorious incidents of police brutality and killings. With contributions from #BlackLivesMatter cofounder Patrisse Cullors, Ferguson activist and St. Louis University law professor Justin Hansford, poet Martín Espada, scholars Ruth Wilson Gilmore, Robin D.G. Kelley, Naomi Murakawa, Vijay Prashad, and many more&quot;--</subfield>
    <subfield code="c">Provided by publisher.</subfield>
  </datafield>
  <datafield tag="650" ind1=" " ind2="0">
    <subfield code="a">Police brutality</subfield>
    <subfield code="z">United States.</subfield>
  </datafield>
  <datafield tag="650" ind1=" " ind2="0">
    <subfield code="a">Discrimination in law enforcement</subfield>
    <subfield code="z">United States.</subfield>
  </datafield>
  <datafield tag="650" ind1=" " ind2="0">
    <subfield code="a">Police</subfield>
    <subfield code="x">Complaints against</subfield>
    <subfield code="z">United States.</subfield>
  </datafield>
  <datafield tag="650" ind1=" " ind2="0">
    <subfield code="a">Police-community relations</subfield>
    <subfield code="x">United States.</subfield>
  </datafield>
  <datafield tag="650" ind1=" " ind2="0">
    <subfield code="a">Black lives matter movement.</subfield>
  </datafield>
  <datafield tag="650" ind1=" " ind2="7">
    <subfield code="a">SOCIAL SCIENCE / Sociology / Urban.</subfield>
    <subfield code="2">bisacsh</subfield>
  </datafield>
  <datafield tag="650" ind1=" " ind2="7">
    <subfield code="a">LAW / Civil Rights.</subfield>
    <subfield code="2">bisacsh</subfield>
  </datafield>
  <datafield tag="650" ind1=" " ind2="7">
    <subfield code="a">POLITICAL SCIENCE / Political Freedom &amp; Security / Civil Rights.</subfield>
    <subfield code="2">bisacsh</subfield>
  </datafield>
  <datafield tag="700" ind1="1" ind2=" ">
    <subfield code="a">Camp, Jordan T.,</subfield>
    <subfield code="d">1979-</subfield>
    <subfield code="e">editor.</subfield>
  </datafield>
  <datafield tag="700" ind1="1" ind2=" ">
    <subfield code="a">Heatherton, Christina,</subfield>
    <subfield code="e">editor.</subfield>
  </datafield>
</record>