
<record>
  <leader>09245cam a22005657i 4500</leader>
  <controlfield tag="001">19028968</controlfield>
  <controlfield tag="005">20200103121048.0</controlfield>
  <controlfield tag="008">160324t20152015nyu      b    001 0 eng c</controlfield>
  <datafield tag="906" ind1=" " ind2=" ">
    <subfield code="a">7</subfield>
    <subfield code="b">cbc</subfield>
    <subfield code="c">pccadap</subfield>
    <subfield code="d">2</subfield>
    <subfield code="e">ncip</subfield>
    <subfield code="f">20</subfield>
    <subfield code="g">y-gencatlg</subfield>
  </datafield>
  <datafield tag="925" ind1="0" ind2=" ">
    <subfield code="a">acquire</subfield>
    <subfield code="b">1 shelf copy</subfield>
    <subfield code="x">policy default</subfield>
  </datafield>
  <datafield tag="955" ind1=" " ind2=" ">
    <subfield code="b">rm08 2016-03-24 z-processor</subfield>
    <subfield code="i">rm06 2016-04-01 to CALM</subfield>
  </datafield>
  <datafield tag="010" ind1=" " ind2=" ">
    <subfield code="a">  2015510974</subfield>
  </datafield>
  <datafield tag="020" ind1=" " ind2=" ">
    <subfield code="a">019021726X (paperback)</subfield>
  </datafield>
  <datafield tag="020" ind1=" " ind2=" ">
    <subfield code="a">9780190217266 (paperback)</subfield>
  </datafield>
  <datafield tag="020" ind1=" " ind2=" ">
    <subfield code="a">0190217251</subfield>
  </datafield>
  <datafield tag="020" ind1=" " ind2=" ">
    <subfield code="a">9780190217259</subfield>
  </datafield>
  <datafield tag="024" ind1="3" ind2=" ">
    <subfield code="a">9780190217266</subfield>
  </datafield>
  <datafield tag="035" ind1=" " ind2=" ">
    <subfield code="a">(OCoLC)ocn904081529</subfield>
  </datafield>
  <datafield tag="040" ind1=" " ind2=" ">
    <subfield code="a">YDXCP</subfield>
    <subfield code="b">eng</subfield>
    <subfield code="c">YDXCP</subfield>
    <subfield code="e">rda</subfield>
    <subfield code="d">BDX</subfield>
    <subfield code="d">BTCTA</subfield>
    <subfield code="d">OCLCQ</subfield>
    <subfield code="d">ORX</subfield>
    <subfield code="d">COO</subfield>
    <subfield code="d">GCD</subfield>
    <subfield code="d">OCLCF</subfield>
    <subfield code="d">CGP</subfield>
    <subfield code="d">NLGGC</subfield>
    <subfield code="d">AZT</subfield>
    <subfield code="d">EDK</subfield>
    <subfield code="d">VP@</subfield>
    <subfield code="d">GUL</subfield>
    <subfield code="d">DEBSZ</subfield>
    <subfield code="d">OCLCQ</subfield>
    <subfield code="d">DLC</subfield>
  </datafield>
  <datafield tag="043" ind1=" " ind2=" ">
    <subfield code="a">aw-----</subfield>
  </datafield>
  <datafield tag="050" ind1="0" ind2="0">
    <subfield code="a">HV6433.M628</subfield>
    <subfield code="b">B96 2015</subfield>
  </datafield>
  <datafield tag="100" ind1="1" ind2=" ">
    <subfield code="a">Byman, Daniel,</subfield>
    <subfield code="d">1967-</subfield>
    <subfield code="e">author.</subfield>
  </datafield>
  <datafield tag="245" ind1="1" ind2="0">
    <subfield code="a">Al Qaeda, the Islamic State, and the global jihadist movement :</subfield>
    <subfield code="b">what everyone needs to know /</subfield>
    <subfield code="c">Daniel Byman.</subfield>
  </datafield>
  <datafield tag="264" ind1=" " ind2="1">
    <subfield code="a">New York, New York :</subfield>
    <subfield code="b">Oxford University Press,</subfield>
    <subfield code="c">[2015]</subfield>
  </datafield>
  <datafield tag="264" ind1=" " ind2="4">
    <subfield code="c">©2015</subfield>
  </datafield>
  <datafield tag="300" ind1=" " ind2=" ">
    <subfield code="a">xii, 284 pages ;</subfield>
    <subfield code="c">22 cm.</subfield>
  </datafield>
  <datafield tag="336" ind1=" " ind2=" ">
    <subfield code="a">text</subfield>
    <subfield code="b">txt</subfield>
    <subfield code="2">rdacontent</subfield>
  </datafield>
  <datafield tag="337" ind1=" " ind2=" ">
    <subfield code="a">unmediated</subfield>
    <subfield code="b">n</subfield>
    <subfield code="2">rdamedia</subfield>
  </datafield>
  <datafield tag="338" ind1=" " ind2=" ">
    <subfield code="a">volume</subfield>
    <subfield code="b">nc</subfield>
    <subfield code="2">rdacarrier</subfield>
  </datafield>
  <datafield tag="490" ind1="1" ind2=" ">
    <subfield code="a">What everyone needs to know</subfield>
  </datafield>
  <datafield tag="504" ind1=" " ind2=" ">
    <subfield code="a">Includes bibliographical references (pages 233-259) and index.</subfield>
  </datafield>
  <datafield tag="505" ind1="0" ind2=" ">
    <subfield code="a">Acknowledgments -- Introduction -- History: -- What was the impact of the Anti-Soviet Jihad on the Jihadist Movement? -- Did the United States fund Bin Laden and Al Qaeda? -- Why was Al Qaeda founded? -- What did Al Qaeda do in Sudan? -- What were Al Qaeda&apos;s initial goals? -- Why did Al Qaeda focus on the United States? -- What was the role of Egyptian Militants during Al Qaeda&apos;s Formative Years? -- What was Al Qaeda&apos;s relationship with the Taliban before 9/11? -- Key Attacks And Plots: -- Why were the 1998 embassy attacks so important? -- What were Al Qaeda&apos;s most important attacks before 9/11? -- How did Al Qaeda carry out the 9/11 attacks? -- Could the 9/11 attacks have been prevented? -- How did Al Qaeda justify the 9/11 attacks? -- What was the fallout from the 9/11 attacks for Al Qaeda? -- What attacks has Al Qaeda done since 9/11? -- Strategy And Tactics: -- What are Al Qaeda&apos;s goals today? -- Does Al Qaeda have a strategy? -- How did Al Qaeda become a suicide bombing factory? -- How dangerous are lone wolves? -- What do you learn in an Al Qaeda training camp? -- Could Al Qaeda get a nuclear weapon? -- Should we laugh at Al Qaeda? -- Ideas And Influences: -- What are the key schools of thought that influence Salafi-Jihadism?: -- Salafism -- Wahhabism -- Deobandism -- Ahl-e Hadith -- Who are the key thinkers Jihadists admire and read? -- How does Al Qaeda differ from the Muslim Brotherhood? -- Why do other Jihadists criticize Al Qaeda? -- How does Al Qaeda justify killing civilians? -- What themes does Al Qaeda push in its propaganda? -- Organization And Recruitment: -- Why was Bin Laden such an effective leader? -- How does Ayman al-Zawahiri differ from Bin Laden? -- How Is Al Qaeda Organized? -- Why Does Al Qaeda make so many mistakes? -- What is the profile of a typical Al Qaeda member? -- How does Al Qaeda recruit? -- What is the role of war? -- What is the role of the Internet? -- Where does Al Qaeda get its money? -- How does Al Qaeda spend its money? -- Friends And Enemies: -- How did the 2003 Iraq War shape Al Qaeda? -- How does Al Qaeda view Iran and the Shi&apos;a? -- Is Saudi Arabia secretly supporting Al Qaeda? -- Why does Pakistan support Jihadists? -- What is the relationship between Pakistan and Al Qaeda? -- Why doesn&apos;t Pakistan cooperate more with the United States? -- How important is Israel? -- How do Muslims perceive Al Qaeda and why does it matter? -- How did the Arab spring affect Al Qaeda? -- Beyond The Al Qaeda Core: -- What are the key Al Qaeda affiliates?: -- Al Qaeda in the Arabian Peninsula -- Al Qaeda in the Islamic Maghreb -- Al Shabaab -- Jabhat al-Nusra -- What about like-minded but unaffiliated groups? -- What&apos;s in it for Al Qaeda?-what&apos;s in It for the affiliates? -- What Are the limits of cooperation? -- Does the Al Qaeda core control the Salafi-Jihadist movement anymore? -- So what do we talk about when we talk about Al Qaeda? -- Islamic State: -- What should we call this group? -- Who is Abu Bakr al-Baghdadi? -- Where did the Islamic State come from? -- Why did the Islamic State fight with Al Qaeda? -- What does the Islamic State want? -- How strong is the Islamic State? -- How does the Islamic State publicize its cause? -- What are the Islamic State&apos;s relations with the Syrian Government? -- What is the Khorasan Group? -- Is the Islamic State a terrorist threat to the American homeland? -- Why did the United States go to war with the Islamic State? -- Counterterrorism: -- Isn&apos;t diplomacy worthless when it comes to fighting terror? -- What role does the legal system play? -- What about Military Tribunals, Guantanamo, and other post-9/11 legal measures? -- What is rendition and why is it so controversial? -- How do we go after Al Qaeda&apos;s money? -- What is the role of US Military Force? -- What about drones and other air strikes? -- Do drones and other controversial tools result in &quot;blowback&quot;? -- How do we collect intelligence on Al Qaeda? -- How do tools change when fighting affiliated movements? -- How do we win the war of ideas? -- What is the role of allied governments threatened by terrorists? -- How does Al Qaeda adapt? -- How do you counter radicalization? -- What threat does Al Qaeda pose today to the United States and Europe -- Can we defeat Al Qaeda, the Islamic State, and the broader Jihadist Movement? -- How is fighting the Islamic State different from fighting Al Qaeda? -- Suggestions for further reading -- Notes -- Index.</subfield>
  </datafield>
  <datafield tag="520" ind1=" " ind2=" ">
    <subfield code="a">Overview: On the morning of September 11, 2001, the entire world was introduced to Al Qaeda and its enigmatic leader, Osama bin Laden. But the organization that changed the face of terrorism forever and unleashed a whirlwind of counterterrorism activity and two major wars had been on the scene long before that eventful morning. In Al Qaeda, the Islamic State, and the Global Jihadist Movement: What Everyone Needs to Know, Daniel L. Byman, an eminent scholar of Middle East terrorism and international security who served on the 9/11 Commission, provides a sharp and concise overview of Al Qaeda, from its humble origins in the mountains of Afghanistan to the present, explaining its perseverance and adaptation since 9/11 and the limits of U.S. and allied counterterrorism efforts. The organization that would come to be known as Al Qaeda traces its roots to the anti-Soviet jihad in Afghanistan in the 1980s. Founded as the Soviets withdrew from Afghanistan, Al Qaeda achieved a degree of international notoriety with a series of spectacular attacks in the 1990s; however, it was the dramatic assaults on the World Trade Center and the Pentagon on 9/11 that truly launched Al Qaeda onto the global stage. The attacks endowed the organization with world-historical importance and provoked an overwhelming counterattack by the United States and other western countries. Within a year of 9/11, the core of Al Qaeda had been chased out of Afghanistan and into a variety of refuges across the Muslim world. Splinter groups and franchised offshoots were active in the 2000s in countries like Pakistan, Iraq, and Yemen, but by early 2011, after more than a decade of relentless counterterrorism efforts by the United States and other Western military and intelligence services, most felt that Al Qaeda&apos;s moment had passed. With the death of Osama bin Laden in May of that year, many predicted that Al Qaeda was in its death throes. Shockingly, Al Qaeda has staged a remarkable comeback in the last few years. In almost every conflict in the Muslim world, from portions of the Xanjing region in northwest China to the African subcontinent, Al Qaeda franchises or like-minded groups have played a role. Al Qaeda&apos;s extreme Salafist ideology continues to appeal to radicalized Sunni Muslims throughout the world, and it has successfully altered its organizational structure so that it can both weather America&apos;s enduring full-spectrum assault and tailor its message to specific audiences.</subfield>
  </datafield>
  <datafield tag="610" ind1="2" ind2="0">
    <subfield code="a">Qaida (Organization)</subfield>
  </datafield>
  <datafield tag="650" ind1=" " ind2="0">
    <subfield code="a">Terrorism</subfield>
    <subfield code="z">Middle East.</subfield>
  </datafield>
  <datafield tag="650" ind1=" " ind2="0">
    <subfield code="a">Islamic fundamentalism</subfield>
    <subfield code="z">Middle East.</subfield>
  </datafield>
  <datafield tag="650" ind1=" " ind2="0">
    <subfield code="a">Violence</subfield>
    <subfield code="z">Middle East.</subfield>
  </datafield>
  <datafield tag="610" ind1="2" ind2="0">
    <subfield code="a">IS (Organization)</subfield>
  </datafield>
  <datafield tag="610" ind1="2" ind2="4">
    <subfield code="a">Qaida (Organization)</subfield>
  </datafield>
  <datafield tag="610" ind1="2" ind2="4">
    <subfield code="a">IS (Organization)</subfield>
  </datafield>
  <datafield tag="610" ind1="2" ind2="7">
    <subfield code="a">IS (Organization)</subfield>
    <subfield code="2">fast</subfield>
    <subfield code="0">(OCoLC)fst01914325</subfield>
  </datafield>
  <datafield tag="610" ind1="2" ind2="7">
    <subfield code="a">Qaida (Organization)</subfield>
    <subfield code="2">fast</subfield>
    <subfield code="0">(OCoLC)fst00763708</subfield>
  </datafield>
  <datafield tag="650" ind1=" " ind2="7">
    <subfield code="a">Islamic fundamentalism.</subfield>
    <subfield code="2">fast</subfield>
    <subfield code="0">(OCoLC)fst00979941</subfield>
  </datafield>
  <datafield tag="650" ind1=" " ind2="7">
    <subfield code="a">Terrorism.</subfield>
    <subfield code="2">fast</subfield>
    <subfield code="0">(OCoLC)fst01148101</subfield>
  </datafield>
  <datafield tag="650" ind1=" " ind2="7">
    <subfield code="a">Violence.</subfield>
    <subfield code="2">fast</subfield>
    <subfield code="0">(OCoLC)fst01167224</subfield>
  </datafield>
  <datafield tag="651" ind1=" " ind2="7">
    <subfield code="a">Middle East.</subfield>
    <subfield code="2">fast</subfield>
    <subfield code="0">(OCoLC)fst01241586</subfield>
  </datafield>
  <datafield tag="830" ind1=" " ind2="0">
    <subfield code="a">What everyone needs to know.</subfield>
  </datafield>
  <datafield tag="856" ind1="4" ind2="2">
    <subfield code="3">Contributor biographical information</subfield>
    <subfield code="u">https://www.loc.gov/catdir/enhancements/fy1614/2015510974-b.html</subfield>
  </datafield>
  <datafield tag="856" ind1="4" ind2="2">
    <subfield code="3">Publisher description</subfield>
    <subfield code="u">https://www.loc.gov/catdir/enhancements/fy1614/2015510974-d.html</subfield>
  </datafield>
  <datafield tag="856" ind1="4" ind2="1">
    <subfield code="3">Table of contents only</subfield>
    <subfield code="u">https://www.loc.gov/catdir/enhancements/fy1614/2015510974-t.html</subfield>
  </datafield>
</record>