
<record>
  <leader>04724cam a22005177i 4500</leader>
  <controlfield tag="001">19029962</controlfield>
  <controlfield tag="005">20200103150613.0</controlfield>
  <controlfield tag="008">160325s2016    nyua     b    001 0 eng c</controlfield>
  <datafield tag="906" ind1=" " ind2=" ">
    <subfield code="a">7</subfield>
    <subfield code="b">cbc</subfield>
    <subfield code="c">pccadap</subfield>
    <subfield code="d">2</subfield>
    <subfield code="e">ncip</subfield>
    <subfield code="f">20</subfield>
    <subfield code="g">y-gencatlg</subfield>
  </datafield>
  <datafield tag="925" ind1="0" ind2=" ">
    <subfield code="a">acquire</subfield>
    <subfield code="b">1 shelf copy</subfield>
    <subfield code="x">policy default</subfield>
  </datafield>
  <datafield tag="955" ind1=" " ind2=" ">
    <subfield code="a">pc17 2016-03-25</subfield>
    <subfield code="a">rl00 2017-05-05 to SMA</subfield>
    <subfield code="b">rl02 2017-05-09 z-processor</subfield>
    <subfield code="i">rl02 2017-05-24 to Dewey</subfield>
    <subfield code="w">xm08 2017-06-26 (telework)</subfield>
  </datafield>
  <datafield tag="010" ind1=" " ind2=" ">
    <subfield code="a">  2016937006</subfield>
  </datafield>
  <datafield tag="016" ind1="7" ind2=" ">
    <subfield code="a">101692210</subfield>
    <subfield code="2">DNLM</subfield>
  </datafield>
  <datafield tag="020" ind1=" " ind2=" ">
    <subfield code="a">9781493936076</subfield>
    <subfield code="q">(hbk : alk. paper)</subfield>
  </datafield>
  <datafield tag="020" ind1=" " ind2=" ">
    <subfield code="a">1493936077</subfield>
    <subfield code="q">(hbk : alk. paper)</subfield>
  </datafield>
  <datafield tag="020" ind1=" " ind2=" ">
    <subfield code="z">9781493936090</subfield>
    <subfield code="q">(eBook)</subfield>
  </datafield>
  <datafield tag="035" ind1=" " ind2=" ">
    <subfield code="a">(OCoLC)ocn932385658</subfield>
  </datafield>
  <datafield tag="040" ind1=" " ind2=" ">
    <subfield code="a">NLM</subfield>
    <subfield code="b">eng</subfield>
    <subfield code="c">NLM</subfield>
    <subfield code="e">rda</subfield>
    <subfield code="d">YDXCP</subfield>
    <subfield code="d">BTCTA</subfield>
    <subfield code="d">GBVCP</subfield>
    <subfield code="d">IDL</subfield>
    <subfield code="d">OCLCF</subfield>
    <subfield code="d">CHVBK</subfield>
    <subfield code="d">COD</subfield>
    <subfield code="d">NUI</subfield>
    <subfield code="d">STF</subfield>
    <subfield code="d">OCLCO</subfield>
    <subfield code="d">OCLCA</subfield>
    <subfield code="d">OCLCQ</subfield>
    <subfield code="d">OCLCO</subfield>
    <subfield code="d">BDX</subfield>
    <subfield code="d">DLC</subfield>
  </datafield>
  <datafield tag="050" ind1="0" ind2="0">
    <subfield code="a">RM302.5</subfield>
    <subfield code="b">.I554 2016</subfield>
  </datafield>
  <datafield tag="060" ind1="0" ind2="0">
    <subfield code="a">W1</subfield>
    <subfield code="b">ME9616J v.1425 2016</subfield>
  </datafield>
  <datafield tag="060" ind1="1" ind2="0">
    <subfield code="a">QV 602</subfield>
  </datafield>
  <datafield tag="082" ind1="0" ind2="0">
    <subfield code="a">615.7/04</subfield>
    <subfield code="2">23</subfield>
  </datafield>
  <datafield tag="245" ind1="0" ind2="0">
    <subfield code="a">In silico methods for predicting drug toxicity /</subfield>
    <subfield code="c">edited by Emilio Benfenati.</subfield>
  </datafield>
  <datafield tag="264" ind1=" " ind2="1">
    <subfield code="a">New York :</subfield>
    <subfield code="b">Humana Press,</subfield>
    <subfield code="c">[2016]</subfield>
  </datafield>
  <datafield tag="300" ind1=" " ind2=" ">
    <subfield code="a">xi, 534 pages :</subfield>
    <subfield code="b">illustrations (some color) ;</subfield>
    <subfield code="c">26 cm.</subfield>
  </datafield>
  <datafield tag="336" ind1=" " ind2=" ">
    <subfield code="a">text</subfield>
    <subfield code="b">txt</subfield>
    <subfield code="2">rdacontent</subfield>
  </datafield>
  <datafield tag="337" ind1=" " ind2=" ">
    <subfield code="a">unmediated</subfield>
    <subfield code="b">n</subfield>
    <subfield code="2">rdamedia</subfield>
  </datafield>
  <datafield tag="338" ind1=" " ind2=" ">
    <subfield code="a">volume</subfield>
    <subfield code="b">nc</subfield>
    <subfield code="2">rdacarrier</subfield>
  </datafield>
  <datafield tag="490" ind1="1" ind2=" ">
    <subfield code="a">Methods in molecular biology,</subfield>
    <subfield code="x">1064-3745 ;</subfield>
    <subfield code="v">1425</subfield>
  </datafield>
  <datafield tag="490" ind1="1" ind2=" ">
    <subfield code="a">Springer protocols</subfield>
  </datafield>
  <datafield tag="504" ind1=" " ind2=" ">
    <subfield code="a">Includes bibliographical references and index.</subfield>
  </datafield>
  <datafield tag="505" ind1="0" ind2="0">
    <subfield code="t">QSAR Methods --</subfield>
    <subfield code="t">In Silico 3D-Modelling of Binding Activities --</subfield>
    <subfield code="t">Modeling Pharmacokinetics --</subfield>
    <subfield code="t">Modeling ADMET --</subfield>
    <subfield code="t">In Silico Prediction of Chemically-Induced Mutagenicity: How to Use QSAR Models and Interpret Their Results --</subfield>
    <subfield code="t">In Silico Methods for Carcinogenicity Assessment --</subfield>
    <subfield code="t">VirtualToxLab: Exploring the Toxic Potential of Rejuvenating Substances Found in Traditional Medicines --</subfield>
    <subfield code="t">In Silico Model for Developmental Toxicity: How to Use QSAR Models and Interpret Their Results --</subfield>
    <subfield code="t">In Silico Models for Repeated Dose Toxicity (RDT): Prediction of the No Observed Adverse Effect Level (NOAEL) and Lowest Observed Adverse Effect Level (LOAEL) for Drugs --</subfield>
    <subfield code="t">In Silico Models for Acute Systemic Toxicity --</subfield>
    <subfield code="t">In Silico Models for Hepatotoxicity --</subfield>
    <subfield code="t">In Silico Models for Ecotoxicity of Pharmaceuticals --</subfield>
    <subfield code="t">Use of Read-Across Tools --</subfield>
    <subfield code="t">Adverse Outcome Pathways as Tools to Assess Drug-Induced Toxicity --</subfield>
    <subfield code="t">A Systems Biology Approach for Identifying Hepatotoxicant Groups Based on Similarity in Mechanisms of Action and Chemical Structure --</subfield>
    <subfield code="t">In Silico Study of In Vitro GPCR Assays by QSAR Modeling --</subfield>
    <subfield code="t">Taking Advantage of Databases --</subfield>
    <subfield code="t">QSAR Models at the United States FDA/NCTR --</subfield>
    <subfield code="t">A Round Trip from Medicinal Chemistry to Predictive Toxicology --</subfield>
    <subfield code="t">The Use of In Silico Models Within a Large Pharmaceutical Company --</subfield>
    <subfield code="t">The Consultancy Activity on In Silico Models for Genotoxic Prediction of Pharmaceutical Impurities.</subfield>
  </datafield>
  <datafield tag="520" ind1=" " ind2=" ">
    <subfield code="a">This detailed volume explores in silico methods for pharmaceutical toxicity by combining the theoretical advanced research with the practical application of the tools. Beginning with a section covering sophisticated models addressing the binding to receptors, pharmacokinetics and adsorption, metabolism, distribution, and excretion, the book continues with chapters delving into models for specific toxicological and ecotoxicological endpoints, as well as broad views of the main initiatives and new perspectives which will very likely improve our way of modelling pharmaceuticals. Written for the highly successful Methods in Molecular Biology series, chapters include the kind of detailed implementation advice that is key for achieving successful research results. Authoritative and practical, In Silico Methods for Predicting Drug Toxicity offers the advantage of incorporating data and knowledge from different fields, such as chemistry, biology, -omics, and pharmacology, to achieve goals in this vital area of research.--</subfield>
    <subfield code="c">Source other than the Library of Congress.</subfield>
  </datafield>
  <datafield tag="650" ind1=" " ind2="0">
    <subfield code="a">Drugs</subfield>
    <subfield code="x">Toxicology</subfield>
    <subfield code="v">Laboratory manuals.</subfield>
  </datafield>
  <datafield tag="650" ind1="1" ind2="2">
    <subfield code="a">Drug-Related Side Effects and Adverse Reactions.</subfield>
  </datafield>
  <datafield tag="650" ind1="1" ind2="2">
    <subfield code="a">Toxicity Tests</subfield>
    <subfield code="x">methods.</subfield>
  </datafield>
  <datafield tag="650" ind1="2" ind2="2">
    <subfield code="a">Pharmaceutical Preparations</subfield>
    <subfield code="x">analysis.</subfield>
  </datafield>
  <datafield tag="650" ind1="2" ind2="2">
    <subfield code="a">Computer Simulation.</subfield>
  </datafield>
  <datafield tag="655" ind1=" " ind2="2">
    <subfield code="a">Laboratory Manuals.</subfield>
  </datafield>
  <datafield tag="650" ind1=" " ind2="7">
    <subfield code="a">Drugs</subfield>
    <subfield code="x">Toxicology.</subfield>
    <subfield code="2">fast</subfield>
    <subfield code="0">(OCoLC)fst00898958</subfield>
  </datafield>
  <datafield tag="655" ind1=" " ind2="7">
    <subfield code="a">Laboratory manuals.</subfield>
    <subfield code="2">fast</subfield>
    <subfield code="0">(OCoLC)fst01920776</subfield>
  </datafield>
  <datafield tag="700" ind1="1" ind2=" ">
    <subfield code="a">Benfenati, Emilio,</subfield>
    <subfield code="e">editor.</subfield>
  </datafield>
  <datafield tag="830" ind1=" " ind2="0">
    <subfield code="a">Methods in molecular biology (Clifton, N.J.) ;</subfield>
    <subfield code="v">v. 1425.</subfield>
    <subfield code="x">1064-3745</subfield>
  </datafield>
  <datafield tag="830" ind1=" " ind2="0">
    <subfield code="a">Springer protocols (Series)</subfield>
    <subfield code="x">1949-2448</subfield>
  </datafield>
  <datafield tag="856" ind1="4" ind2="1">
    <subfield code="3">Table of contents</subfield>
    <subfield code="u">http://catdir.loc.gov/catdir/enhancements/fy1613/2016937006-t.html</subfield>
  </datafield>
  <datafield tag="856" ind1="4" ind2="1">
    <subfield code="z">Available to Stanford-affiliated users at:</subfield>
    <subfield code="u">http://www.springerprotocols.com/BookToc/doi/10.1007/978-1-4939-3609-0</subfield>
    <subfield code="x">purchased</subfield>
  </datafield>
</record>